<?xml version="1.0" encoding="UTF-8"?>
<!DOCTYPE html PUBLIC "-//W3C//DTD XHTML 1.0 Transitional//EN"
    "http://www.w3.org/TR/xhtml1/DTD/xhtml1-transitional.dtd">
<html xmlns="http://www.w3.org/1999/xhtml" xml:lang="en" lang="en">
 <head>
  <title>
</title>
<meta http-equiv="Content-Type" content="text/html;charset=utf-8" />
  <meta name='ocr-system' content='tesseract 3.04.00' />
  <meta name='ocr-capabilities' content='ocr_page ocr_carea ocr_par ocr_line ocrx_word'/>
</head>
<body>
  <div class='ocr_page' id='page_1' title='image "./innocentiavindic00sfon/innocentiavindic00sfon_0031.png"; bbox 0 0 2107 3287; ppageno 0'>
   <div class='ocr_carea' id='block_1_1' title="bbox 757 139 1132 208">
    <p class='ocr_par' dir='ltr' id='par_1_1' title="bbox 757 139 1132 208">
     <span class='ocr_line' id='line_1_1' title="bbox 757 139 1132 208; baseline 0.003 -1"><span class='ocrx_word' id='word_1_1' title='bbox 757 139 1132 208; x_wconf 52' lang='lat' dir='ltr'>›Mum‹</span> 
     </span>
    </p>
   </div>
   <div class='ocr_carea' id='block_1_2' title="bbox 58 251 1820 1552">
    <p class='ocr_par' dir='ltr' id='par_1_2' title="bbox 65 251 1805 481">
     <span class='ocr_line' id='line_1_2' title="bbox 68 251 1802 329; baseline -0.001 -18"><span class='ocrx_word' id='word_1_2' title='bbox 68 254 272 314; x_wconf 62' lang='lat' dir='ltr'>solveres</span> <span class='ocrx_word' id='word_1_3' title='bbox 311 274 392 308; x_wconf 89' lang='lat' dir='ltr'>cur</span> <span class='ocrx_word' id='word_1_4' title='bbox 416 274 530 329; x_wconf 79' lang='lat' dir='ltr'>ergo</span> <span class='ocrx_word' id='word_1_5' title='bbox 554 274 656 307; x_wconf 90' lang='lat' dir='ltr'>non</span> <span class='ocrx_word' id='word_1_6' title='bbox 678 252 837 326; x_wconf 77' lang='lat' dir='ltr'>potius</span> <span class='ocrx_word' id='word_1_7' title='bbox 862 251 1066 307; x_wconf 83' lang='lat' dir='ltr'>absolvis</span> <span class='ocrx_word' id='word_1_8' title='bbox 1087 293 1098 311; x_wconf 88' lang='lat'>‚</span> <span class='ocrx_word' id='word_1_9' title='bbox 1145 254 1296 325; x_wconf 67' lang='lat' dir='ltr'>quam</span> <span class='ocrx_word' id='word_1_10' title='bbox 1319 252 1517 310; x_wconf 83' lang='lat' dir='ltr'>damnas</span> <span class='ocrx_word' id='word_1_11' title='bbox 1541 264 1554 310; x_wconf 68' lang='grc' dir='ltr'><strong>ἓ</strong></span> <span class='ocrx_word' id='word_1_12' title='bbox 1595 266 1642 316; x_wconf 64' lang='lat' dir='ltr'>S&lt;</span> <span class='ocrx_word' id='word_1_13' title='bbox 1677 264 1708 316; x_wconf 86' lang='lat' dir='ltr'>fi</span> <span class='ocrx_word' id='word_1_14' title='bbox 1742 265 1802 320; x_wconf 67' lang='lat' dir='ltr'>dc</span> 
     </span>
     <span class='ocr_line' id='line_1_3' title="bbox 66 329 1805 406; baseline 0.002 -19"><span class='ocrx_word' id='word_1_15' title='bbox 66 351 328 387; x_wconf 90' lang='lat' dir='ltr'>momento</span> <span class='ocrx_word' id='word_1_16' title='bbox 353 331 544 385; x_wconf 76' lang='lat' dir='ltr'>tantum</span> <span class='ocrx_word' id='word_1_17' title='bbox 568 352 637 384; x_wconf 83' lang='lat' dir='ltr'>res</span> <span class='ocrx_word' id='word_1_18' title='bbox 661 331 838 406; x_wconf 81' lang='lat' dir='ltr'>agitur,</span> <span class='ocrx_word' id='word_1_19' title='bbox 863 351 946 384; x_wconf 83' lang='lat' dir='ltr'>cur</span> <span class='ocrx_word' id='word_1_20' title='bbox 969 350 1072 383; x_wconf 91' lang='lat' dir='ltr'>non</span> <span class='ocrx_word' id='word_1_21' title='bbox 1095 329 1257 402; x_wconf 74' lang='lat' dir='ltr'>potius</span> <span class='ocrx_word' id='word_1_22' title='bbox 1278 332 1392 387; x_wconf 89' lang='lat' dir='ltr'>velis</span> <span class='ocrx_word' id='word_1_23' title='bbox 1408 373 1420 393; x_wconf 91' lang='lat'>‚</span> <span class='ocrx_word' id='word_1_24' title='bbox 1442 333 1527 387; x_wconf 94' lang='lat' dir='ltr'>illo</span> <span class='ocrx_word' id='word_1_25' title='bbox 1552 356 1805 394; x_wconf 81' lang='lat' dir='ltr'>momento</span> 
     </span>
     <span class='ocr_line' id='line_1_4' title="bbox 65 406 914 481; baseline -0.004 -18"><span class='ocrx_word' id='word_1_26' title='bbox 65 409 379 463; x_wconf 81' lang='lat' dir='ltr'><strong>innocentem</strong></span> <span class='ocrx_word' id='word_1_27' title='bbox 402 407 555 467; x_wconf 81' lang='lat' dir='ltr'>fuisse,</span> <span class='ocrx_word' id='word_1_28' title='bbox 581 406 733 481; x_wconf 66' lang='lat' dir='ltr'>quam</span> <span class='ocrx_word' id='word_1_29' title='bbox 756 415 914 460; x_wconf 86' lang='lat' dir='ltr'>ream?</span> 
     </span>
    </p>

    <p class='ocr_par' dir='ltr' id='par_1_3' title="bbox 58 483 1820 1328">
     <span class='ocr_line' id='line_1_5' title="bbox 177 483 1809 548; baseline 0.006 -9"><span class='ocrx_word' id='word_1_30' title='bbox 177 485 357 539; x_wconf 76' lang='lat' dir='ltr'>Deinde</span> <span class='ocrx_word' id='word_1_31' title='bbox 379 487 429 538; x_wconf 91' lang='lat' dir='ltr'>in</span> <span class='ocrx_word' id='word_1_32' title='bbox 453 485 571 539; x_wconf 90' lang='lat' dir='ltr'>libra</span> <span class='ocrx_word' id='word_1_33' title='bbox 595 486 687 539; x_wconf 90' lang='lat' dir='ltr'>Dei</span> <span class='ocrx_word' id='word_1_34' title='bbox 712 489 764 538; x_wconf 83' lang='lat'>&amp;</span> <span class='ocrx_word' id='word_1_35' title='bbox 788 483 993 539; x_wconf 82' lang='lat' dir='ltr'>veritatis</span> <span class='ocrx_word' id='word_1_36' title='bbox 1011 525 1022 543; x_wconf 90' lang='lat'>‚</span> <span class='ocrx_word' id='word_1_37' title='bbox 1049 484 1196 538; x_wconf 89' lang='lat' dir='ltr'>etiam</span> <span class='ocrx_word' id='word_1_38' title='bbox 1233 505 1488 541; x_wconf 89' lang='lat' dir='ltr'>momenta</span> <span class='ocrx_word' id='word_1_39' title='bbox 1510 491 1611 545; x_wconf 89' lang='lat' dir='ltr'>sunt</span> <span class='ocrx_word' id='word_1_40' title='bbox 1632 493 1809 548; x_wconf 86' lang='lat' dir='ltr'>summi</span> 
     </span>
     <span class='ocr_line' id='line_1_6' title="bbox 65 561 1812 636; baseline 0.004 -18"><span class='ocrx_word' id='word_1_41' title='bbox 65 563 332 622; x_wconf 83' lang='lat' dir='ltr'>momenti,</span> <span class='ocrx_word' id='word_1_42' title='bbox 360 561 638 636; x_wconf 54' lang='lat' dir='ltr'>stimmicilue</span> <span class='ocrx_word' id='word_1_43' title='bbox 668 562 905 634; x_wconf 83' lang='lat' dir='ltr'>ponderis.</span> <span class='ocrx_word' id='word_1_44' title='bbox 984 562 1176 616; x_wconf 76' lang='lat' dir='ltr'>Lucifer</span> <span class='ocrx_word' id='word_1_45' title='bbox 1200 583 1302 614; x_wconf 91' lang='lat' dir='ltr'>uno</span> <span class='ocrx_word' id='word_1_46' title='bbox 1326 562 1518 618; x_wconf 79' lang='lat' dir='ltr'>tantum</span> <span class='ocrx_word' id='word_1_47' title='bbox 1542 587 1812 631; x_wconf 84' lang='lat' dir='ltr'>momento,</span> 
     </span>
     <span class='ocr_line' id='line_1_7' title="bbox 65 639 1817 716; baseline 0.006 -23"><span class='ocrx_word' id='word_1_48' title='bbox 65 639 258 712; x_wconf 71' lang='lat' dir='ltr'>unaque</span> <span class='ocrx_word' id='word_1_49' title='bbox 283 640 577 716; x_wconf 80' lang='lat' dir='ltr'>cogitatione</span> <span class='ocrx_word' id='word_1_50' title='bbox 601 639 804 712; x_wconf 81' lang='lat' dir='ltr'>deliquit</span> <span class='ocrx_word' id='word_1_51' title='bbox 825 681 837 699; x_wconf 84' lang='lat'><em>‚</em></span> <span class='ocrx_word' id='word_1_52' title='bbox 865 643 918 692; x_wconf 72' lang='lat' dir='ltr'>&lt;Sc</span> <span class='ocrx_word' id='word_1_53' title='bbox 947 657 1113 693; x_wconf 90' lang='lat' dir='ltr'>tamen</span> <span class='ocrx_word' id='word_1_54' title='bbox 1137 639 1306 711; x_wconf 90' lang='lat' dir='ltr'>quanti</span> <span class='ocrx_word' id='word_1_55' title='bbox 1331 644 1571 696; x_wconf 89' lang='lat' dir='ltr'>momenti</span> <span class='ocrx_word' id='word_1_56' title='bbox 1596 645 1684 699; x_wconf 89' lang='lat' dir='ltr'>fuit</span> <span class='ocrx_word' id='word_1_57' title='bbox 1717 648 1817 702; x_wconf 86' lang='lat' dir='ltr'>hoc</span> 
     </span>
     <span class='ocr_line' id='line_1_8' title="bbox 63 716 1817 788; baseline 0.002 -18"><span class='ocrx_word' id='word_1_58' title='bbox 63 737 222 770; x_wconf 90' lang='lat' dir='ltr'>unum</span> <span class='ocrx_word' id='word_1_59' title='bbox 249 726 595 770; x_wconf 79' lang='lat' dir='ltr'>momentum?</span> <span class='ocrx_word' id='word_1_60' title='bbox 634 722 688 769; x_wconf 91' lang='lat' dir='ltr'>In</span> <span class='ocrx_word' id='word_1_61' title='bbox 711 735 911 788; x_wconf 87' lang='lat' dir='ltr'>peccato</span> <span class='ocrx_word' id='word_1_62' title='bbox 935 716 1068 768; x_wconf 92' lang='lat' dir='ltr'>enim</span> <span class='ocrx_word' id='word_1_63' title='bbox 1091 735 1194 769; x_wconf 92' lang='lat' dir='ltr'>non</span> <span class='ocrx_word' id='word_1_64' title='bbox 1219 736 1373 775; x_wconf 83' lang='lat' dir='ltr'>mora,</span> <span class='ocrx_word' id='word_1_65' title='bbox 1398 717 1477 768; x_wconf 89' lang='lat' dir='ltr'>secl</span> <span class='ocrx_word' id='word_1_66' title='bbox 1504 720 1679 771; x_wconf 56' lang='lat' dir='ltr'>fac-ditas</span> <span class='ocrx_word' id='word_1_67' title='bbox 1704 727 1817 773; x_wconf 63' lang='lat' dir='ltr'>cesti-</span> 
     </span>
     <span class='ocr_line' id='line_1_9' title="bbox 62 791 1814 866; baseline -0.003 -18"><span class='ocrx_word' id='word_1_68' title='bbox 62 813 253 853; x_wconf 67' lang='lat' dir='ltr'>matur5</span> <span class='ocrx_word' id='word_1_69' title='bbox 285 798 338 848; x_wconf 66' lang='grc' dir='ltr'>ὃ(</span> <span class='ocrx_word' id='word_1_70' title='bbox 369 795 430 847; x_wconf 88' lang='lat' dir='ltr'>ita</span> <span class='ocrx_word' id='word_1_71' title='bbox 453 796 635 866; x_wconf 76' lang='lat' dir='ltr'>praestat</span> <span class='ocrx_word' id='word_1_72' title='bbox 658 793 734 848; x_wconf 87' lang='lat' dir='ltr'>vel</span> <span class='ocrx_word' id='word_1_73' title='bbox 758 792 861 847; x_wconf 73' lang='lat' dir='ltr'>tota</span> <span class='ocrx_word' id='word_1_74' title='bbox 883 793 1140 847; x_wconf 68' lang='lat' dir='ltr'>aeternitate</span> <span class='ocrx_word' id='word_1_75' title='bbox 1165 793 1357 846; x_wconf 88' lang='lat' dir='ltr'>exulem</span> <span class='ocrx_word' id='word_1_76' title='bbox 1380 791 1467 845; x_wconf 86' lang='lat' dir='ltr'>effe</span> <span class='ocrx_word' id='word_1_77' title='bbox 1490 795 1650 853; x_wconf 88' lang='lat' dir='ltr'>Coelo,</span> <span class='ocrx_word' id='word_1_78' title='bbox 1668 799 1720 848; x_wconf 65' lang='grc' dir='ltr'>ὃς</span> <span class='ocrx_word' id='word_1_79' title='bbox 1745 797 1814 850; x_wconf 91' lang='lat' dir='ltr'>in-</span> 
     </span>
     <span class='ocr_line' id='line_1_10' title="bbox 62 868 1817 943; baseline 0.002 -20"><span class='ocrx_word' id='word_1_80' title='bbox 62 871 277 930; x_wconf 83' lang='lat' dir='ltr'>felicem,</span> <span class='ocrx_word' id='word_1_81' title='bbox 302 869 454 943; x_wconf 72' lang='lat' dir='ltr'>quam</span> <span class='ocrx_word' id='word_1_82' title='bbox 478 892 579 924; x_wconf 91' lang='lat' dir='ltr'>uno</span> <span class='ocrx_word' id='word_1_83' title='bbox 604 889 865 923; x_wconf 89' lang='lat' dir='ltr'>momento</span> <span class='ocrx_word' id='word_1_84' title='bbox 888 889 1206 942; x_wconf 84' lang='lat' dir='ltr'>peccatorem.</span> <span class='ocrx_word' id='word_1_85' title='bbox 1297 870 1400 941; x_wconf 86' lang='lat' dir='ltr'>Ipsa</span> <span class='ocrx_word' id='word_1_86' title='bbox 1424 868 1625 942; x_wconf 63' lang='lat' dir='ltr'>quoque</span> <span class='ocrx_word' id='word_1_87' title='bbox 1646 874 1817 926; x_wconf 85' lang='lat' dir='ltr'>Beatis-</span> 
     </span>
     <span class='ocr_line' id='line_1_11' title="bbox 58 944 1816 1020; baseline 0.003 -22"><span class='ocrx_word' id='word_1_88' title='bbox 58 948 180 998; x_wconf 81' lang='lat' dir='ltr'>fima</span> <span class='ocrx_word' id='word_1_89' title='bbox 207 948 358 1018; x_wconf 83' lang='lat' dir='ltr'>Virgo</span> <span class='ocrx_word' id='word_1_90' title='bbox 385 947 523 997; x_wconf 91' lang='lat' dir='ltr'>malit</span> <span class='ocrx_word' id='word_1_91' title='bbox 545 968 649 998; x_wconf 91' lang='lat' dir='ltr'>non</span> <span class='ocrx_word' id='word_1_92' title='bbox 673 947 759 999; x_wconf 81' lang='lat' dir='ltr'>esse</span> <span class='ocrx_word' id='word_1_93' title='bbox 784 947 959 1020; x_wconf 84' lang='lat' dir='ltr'>Virgo,</span> <span class='ocrx_word' id='word_1_94' title='bbox 991 967 1096 999; x_wconf 93' lang='lat' dir='ltr'>non</span> <span class='ocrx_word' id='word_1_95' title='bbox 1122 944 1209 998; x_wconf 81' lang='lat' dir='ltr'>effe</span> <span class='ocrx_word' id='word_1_96' title='bbox 1232 950 1344 998; x_wconf 90' lang='lat' dir='ltr'>DEI</span> <span class='ocrx_word' id='word_1_97' title='bbox 1374 950 1537 999; x_wconf 88' lang='lat' dir='ltr'>Mater</span> <span class='ocrx_word' id='word_1_98' title='bbox 1553 987 1565 1005; x_wconf 89' lang='lat'>,</span> <span class='ocrx_word' id='word_1_99' title='bbox 1588 965 1688 1000; x_wconf 90' lang='lat' dir='ltr'>non</span> <span class='ocrx_word' id='word_1_100' title='bbox 1704 954 1816 1004; x_wconf 82' lang='lat' dir='ltr'>Bea-</span> 
     </span>
     <span class='ocr_line' id='line_1_12' title="bbox 58 1021 1817 1097; baseline 0.005 -23"><span class='ocrx_word' id='word_1_101' title='bbox 58 1040 130 1079; x_wconf 86' lang='lat' dir='ltr'>ta,</span> <span class='ocrx_word' id='word_1_102' title='bbox 158 1041 260 1074; x_wconf 90' lang='lat' dir='ltr'>non</span> <span class='ocrx_word' id='word_1_103' title='bbox 285 1026 625 1074; x_wconf 85' lang='lat' dir='ltr'>Creaturarum</span> <span class='ocrx_word' id='word_1_104' title='bbox 653 1023 883 1074; x_wconf 91' lang='lat' dir='ltr'>omnium</span> <span class='ocrx_word' id='word_1_105' title='bbox 910 1023 1118 1097; x_wconf 81' lang='lat' dir='ltr'>Regina,</span> <span class='ocrx_word' id='word_1_106' title='bbox 1153 1021 1307 1094; x_wconf 69' lang='lat' dir='ltr'>quam</span> <span class='ocrx_word' id='word_1_107' title='bbox 1330 1023 1407 1078; x_wconf 82' lang='lat' dir='ltr'>Vel</span> <span class='ocrx_word' id='word_1_108' title='bbox 1431 1043 1534 1077; x_wconf 90' lang='lat' dir='ltr'>uno</span> <span class='ocrx_word' id='word_1_109' title='bbox 1557 1044 1817 1082; x_wconf 88' lang='lat' dir='ltr'>momento</span> 
     </span>
     <span class='ocr_line' id='line_1_13' title="bbox 60 1097 1816 1173; baseline 0.002 -22"><span class='ocrx_word' id='word_1_110' title='bbox 60 1103 202 1152; x_wconf 81' lang='lat' dir='ltr'>DEO</span> <span class='ocrx_word' id='word_1_111' title='bbox 228 1099 388 1157; x_wconf 85' lang='lat' dir='ltr'>exosa,</span> <span class='ocrx_word' id='word_1_112' title='bbox 420 1097 677 1172; x_wconf 62' lang='lat' dir='ltr'>expersc&#39;1ue</span> <span class='ocrx_word' id='word_1_113' title='bbox 700 1099 884 1173; x_wconf 77' lang='lat' dir='ltr'>gratiae,</span> <span class='ocrx_word' id='word_1_114' title='bbox 909 1103 962 1152; x_wconf 70' lang='grc' dir='ltr'>δε</span> <span class='ocrx_word' id='word_1_115' title='bbox 993 1117 1193 1171; x_wconf 90' lang='lat' dir='ltr'>peccato</span> <span class='ocrx_word' id='word_1_116' title='bbox 1218 1100 1388 1154; x_wconf 83' lang='lat' dir='ltr'>faedata</span> <span class='ocrx_word' id='word_1_117' title='bbox 1408 1142 1421 1161; x_wconf 86' lang='lat'><strong><em>,</em></strong></span> <span class='ocrx_word' id='word_1_118' title='bbox 1454 1121 1545 1154; x_wconf 92' lang='lat' dir='ltr'>nec</span> <span class='ocrx_word' id='word_1_119' title='bbox 1569 1100 1655 1154; x_wconf 83' lang='lat' dir='ltr'>effe</span> <span class='ocrx_word' id='word_1_120' title='bbox 1680 1102 1816 1155; x_wconf 84' lang='lat' dir='ltr'>inno-</span> 
     </span>
     <span class='ocr_line' id='line_1_14' title="bbox 58 1175 1817 1253; baseline 0.002 -26"><span class='ocrx_word' id='word_1_121' title='bbox 58 1195 185 1228; x_wconf 88' lang='lat' dir='ltr'>cens.</span> <span class='ocrx_word' id='word_1_122' title='bbox 264 1180 320 1227; x_wconf 90' lang='lat' dir='ltr'>In</span> <span class='ocrx_word' id='word_1_123' title='bbox 344 1175 440 1227; x_wconf 90' lang='lat' dir='ltr'>hoc</span> <span class='ocrx_word' id='word_1_124' title='bbox 465 1196 579 1249; x_wconf 80' lang='lat' dir='ltr'>ergo</span> <span class='ocrx_word' id='word_1_125' title='bbox 603 1193 865 1227; x_wconf 88' lang='lat' dir='ltr'>momento</span> <span class='ocrx_word' id='word_1_126' title='bbox 892 1195 1143 1229; x_wconf 85' lang='lat' dir='ltr'>vertuntur</span> <span class='ocrx_word' id='word_1_127' title='bbox 1167 1177 1336 1229; x_wconf 89' lang='lat' dir='ltr'>omnia</span> <span class='ocrx_word' id='word_1_128' title='bbox 1352 1219 1364 1237; x_wconf 83' lang='lat'>‚</span> <span class='ocrx_word' id='word_1_129' title='bbox 1389 1197 1496 1250; x_wconf 80' lang='lat' dir='ltr'>quae</span> <span class='ocrx_word' id='word_1_130' title='bbox 1519 1178 1705 1253; x_wconf 80' lang='lat' dir='ltr'>Virgini</span> <span class='ocrx_word' id='word_1_131' title='bbox 1730 1199 1817 1231; x_wconf 91' lang='lat' dir='ltr'>no-</span> 
     </span>
     <span class='ocr_line' id='line_1_15' title="bbox 60 1251 1820 1328; baseline 0 -24"><span class='ocrx_word' id='word_1_132' title='bbox 60 1254 161 1304; x_wconf 84' lang='lat' dir='ltr'>strae</span> <span class='ocrx_word' id='word_1_133' title='bbox 185 1251 448 1304; x_wconf 85' lang='lat' dir='ltr'>charissima</span> <span class='ocrx_word' id='word_1_134' title='bbox 480 1255 533 1302; x_wconf 61' lang='grc' dir='ltr'>ἃ</span> <span class='ocrx_word' id='word_1_135' title='bbox 565 1251 892 1320; x_wconf 73' lang='lat' dir='ltr'>pretiosissima</span> <span class='ocrx_word' id='word_1_136' title='bbox 929 1252 1048 1303; x_wconf 88' lang='lat' dir='ltr'>sunt.</span> <span class='ocrx_word' id='word_1_137' title='bbox 1150 1252 1246 1306; x_wconf 92' lang='lat' dir='ltr'>Dic</span> <span class='ocrx_word' id='word_1_138' title='bbox 1272 1254 1331 1306; x_wconf 90' lang='lat' dir='ltr'>de</span> <span class='ocrx_word' id='word_1_139' title='bbox 1355 1254 1435 1306; x_wconf 91' lang='lat' dir='ltr'>illa</span> <span class='ocrx_word' id='word_1_140' title='bbox 1468 1255 1709 1328; x_wconf 86' lang='lat' dir='ltr'>quidquid</span> <span class='ocrx_word' id='word_1_141' title='bbox 1734 1276 1820 1313; x_wconf 63' lang='lat' dir='ltr'>vo,</span> 
     </span>
    </p>

    <p class='ocr_par' dir='ltr' id='par_1_4' title="bbox 173 1325 1703 1396">
     <span class='ocr_line' id='line_1_16' title="bbox 173 1325 1703 1396; baseline 0.003 -14"><span class='ocrx_word' id='word_1_142' title='bbox 173 1328 311 1382; x_wconf 86' lang='lat' dir='ltr'>lucris</span> <span class='ocrx_word' id='word_1_143' title='bbox 332 1368 345 1387; x_wconf 83' lang='lat'>‚</span> <span class='ocrx_word' id='word_1_144' title='bbox 383 1325 577 1381; x_wconf 74' lang='lat' dir='ltr'>tantum</span> <span class='ocrx_word' id='word_1_145' title='bbox 609 1346 670 1378; x_wconf 93' lang='lat' dir='ltr'>ne</span> <span class='ocrx_word' id='word_1_146' title='bbox 694 1325 897 1396; x_wconf 86' lang='lat' dir='ltr'>appelles</span> <span class='ocrx_word' id='word_1_147' title='bbox 919 1328 1238 1396; x_wconf 89' lang='lat' dir='ltr'>peccatricem</span> <span class='ocrx_word' id='word_1_148' title='bbox 1263 1369 1275 1386; x_wconf 89' lang='lat'>,</span> <span class='ocrx_word' id='word_1_149' title='bbox 1321 1333 1375 1382; x_wconf 70' lang='grc' dir='ltr'>ὃς</span> <span class='ocrx_word' id='word_1_150' title='bbox 1397 1330 1568 1386; x_wconf 87' lang='lat' dir='ltr'>Filiam</span> <span class='ocrx_word' id='word_1_151' title='bbox 1600 1333 1703 1393; x_wconf 75' lang='lat' dir='ltr'>irae3</span> 
     </span>
    </p>

    <p class='ocr_par' dir='ltr' id='par_1_5' title="bbox 408 1400 1469 1552">
     <span class='ocr_line' id='line_1_17' title="bbox 408 1400 1469 1478; baseline 0.002 -20"><span class='ocrx_word' id='word_1_152' title='bbox 408 1403 507 1458; x_wconf 91' lang='lat' dir='ltr'>hoc</span> <span class='ocrx_word' id='word_1_153' title='bbox 532 1403 718 1478; x_wconf 82' lang='lat' dir='ltr'>Virgini</span> <span class='ocrx_word' id='word_1_154' title='bbox 741 1400 849 1475; x_wconf 71' lang='lat' dir='ltr'>plus</span> <span class='ocrx_word' id='word_1_155' title='bbox 873 1401 1107 1455; x_wconf 86' lang='lat' dir='ltr'>omnibus</span> <span class='ocrx_word' id='word_1_156' title='bbox 1131 1402 1264 1458; x_wconf 89' lang='lat' dir='ltr'>dolet</span> <span class='ocrx_word' id='word_1_157' title='bbox 1285 1444 1299 1465; x_wconf 90' lang='lat'><em>,</em></span> <span class='ocrx_word' id='word_1_158' title='bbox 1337 1405 1469 1460; x_wconf 84' lang='lat' dir='ltr'>fuiffe</span> 
     </span>
     <span class='ocr_line' id='line_1_18' title="bbox 790 1497 1081 1552; baseline -0.003 -18"><span class='ocrx_word' id='word_1_159' title='bbox 790 1497 1081 1552; x_wconf 85' lang='lat' dir='ltr'>corruptam.</span> 
     </span>
    </p>
   </div>
   <div class='ocr_carea' id='block_1_3' title="bbox 281 1718 1618 2885">
    <p class='ocr_par' dir='ltr' id='par_1_6' title="bbox 281 1718 1618 2885">
     <span class='ocr_line' id='line_1_19' title="bbox 281 1718 1618 2885; baseline 0 0"><span class='ocrx_word' id='word_1_160' title='bbox 281 1718 1618 2885; x_wconf 95' lang='lat' dir='ltr'> </span> 
     </span>
    </p>
   </div>
   <div class='ocr_carea' id='block_1_4' title="bbox 1190 3016 1803 3084">
    <p class='ocr_par' dir='ltr' id='par_1_7' title="bbox 1190 3016 1803 3084">
     <span class='ocr_line' id='line_1_20' title="bbox 1190 3016 1803 3084; baseline 0.002 -14"><span class='ocrx_word' id='word_1_161' title='bbox 1190 3022 1240 3070; x_wconf 89' lang='lat' dir='ltr'>D</span> <span class='ocrx_word' id='word_1_162' title='bbox 1281 3037 1305 3067; x_wconf 88' lang='lat'><em>2</em></span> <span class='ocrx_word' id='word_1_163' title='bbox 1633 3016 1671 3084; x_wconf 69' lang='grc' dir='ltr'>ς.</span> <span class='ocrx_word' id='word_1_164' title='bbox 1708 3016 1803 3072; x_wconf 85' lang='lat'>111.</span> 
     </span>
    </p>
   </div>
  </div>
 </body>
</html>
