2107 3287
770 173 1113 242 ÷(³)›}‹

69 303 245 359 trappe
269 284 418 361 frangi
436 284 520 338 -ille
543 303 645 338 non
667 286 820 357 potest
846 309 860 345 3
897 286 1092 340 Vitrum
1116 289 1266 358 potest
1288 328 1299 345 ‚
1340 289 1389 344 n’i
1419 292 1668 347 custodias,
1745 300 1812 352 At

67 366 101 416 {i
126 364 389 416 Beatissima
413 363 565 437 Virgo
588 362 850 435 aliquando
874 380 1127 435 peccatum
1151 363 1397 436 Originale
1420 371 1661 425 commisit
1678 413 1689 431 ‚
1706 392 1811 427 non

65 440 259 494 tantum
284 439 333 492 in
356 439 453 492 hoc
476 444 587 492 Deo
611 439 932 512 dispar‚quod
954 437 1102 511 poffet
1131 459 1347 511 peccare,
1364 443 1441 495 sed
1467 447 1608 500 etiam
1624 448 1674 500 in
1697 449 1813 507 hoc,

65 517 205 589 quod
221 515 484 588 aliquando
500 517 775 587 peccaverit.
869 521 986 570 Haec
1005 518 1070 569 est
1087 516 1210 570 clara
1233 520 1287 569 &
1314 516 1578 575 indubitata
1599 545 1737 578 mens
1766 531 1811 580 S.

65 593 309 650 Doctoris‚
326 612 415 645 nec
440 592 599 645 revera
621 593 706 646 ulli
729 593 1101 668 tergiversationi
1126 593 1295 645 locum
1319 592 1555 666 relinquit.

176 675 235 722 Et
269 688 434 722 tamen
464 670 792 744 Bergomenfis
816 671 866 723 in
892 669 1079 724 Tabula
1102 689 1241 722 aurea
1277 669 1435 722 scribit
1452 710 1463 728 ‚
1490 676 1529 723 S.
1563 673 1813 733 Thomam

62 766 125 800 eo
149 746 264 801 loco
287 745 480 800 tantum
503 747 552 800 id
574 747 719 806 velle,
745 745 938 823 qade.
977 748 1118 822 Wrgo
1134 760 1316 819 peccato
1343 747 1575 823 Ortginali
1600 757 1812 815 caruerit,

63 843 152 877 non
172 839 328 876 autem
349 821 475 899 qabd
489 822 607 876 illud
620 844 866 900 nunquam
880 826 1170 877 contraxerit„

174 900 432 973 Respondeo.
514 901 560 954 Si
585 901 833 959 contraxit,
846 921 961 976 ergo
978 901 1211 954 immunis
1237 920 1340 954 non
1363 898 1453 955 fuit
1470 943 1482 960 ‚
1500 921 1614 977 ergo
1640 907 1814 975 puritas

58 979 109 1028 B.
124 975 330 1048 Virginis
346 992 449 1025 non
466 994 526 1026 eo
550 976 710 1026 solum
740 976 770 1028 a
803 979 981 1031 Divina
1018 977 1351 1051 distinguitur,
1389 977 1527 1051 quod
1555 984 1686 1033 Deus
1710 1004 1814 1039 non

58 1050 220 1124 poffit,
236 1054 285 1102 B.
304 1049 455 1125 Virgo
472 1050 640 1121 possit5
667 1051 745 1104 sed
768 1052 915 1104 etiarn
940 1053 989 1105 in
1013 1073 1096 1106 eo:
1115 1051 1252 1126 quod
1276 1059 1409 1108 Deus
1425 1076 1515 1110 nec
1535 1063 1816 1128 peccaverit,

56 1148 148 1181 nec
177 1147 372 1199 peccare
394 1127 562 1198 poflit3
586 1132 634 1179 B.
654 1129 800 1202 Virgo
824 1133 878 1182 ὃς
902 1130 1042 1200 poffit
1070 1151 1277 1202 peccare,
1293 1135 1345 1185 &
1361 1134 1638 1204 peccaverit.
1685 1140 1816 1210 Ergo

56 1202 230 1258 falsum
254 1205 333 1261 est,
349 1221 536 1256 tantam
559 1203 645 1255 effe
675 1205 953 1256 Beatiffimae
976 1207 1185 1279 Virginis
1208 1208 1489 1278 puritatem,
1507 1229 1561 1264 ut
1577 1214 1733 1283 major
1763 1212 1816 1266 in

55 1280 278 1336 creaturis
302 1278 390 1331 esse
413 1295 646 1350 nequeat5
676 1278 826 1348 poffet
850 1281 983 1330 enim
1005 1285 1163 1353 major
1189 1283 1276 1336 effe
1292 1325 1305 1343 ,
1346 1286 1380 1336 fi
1411 1307 1669 1359 nunquam
1705 1309 1814 1361 pec-

55 1356 209 1412 castet.
287 1360 415 1430 Ergo
442 1358 495 1407 ὅ(
519 1354 720 1406 infantes
737 1394 749 1412 ,
778 1353 862 1426 qui
885 1355 991 1425 post
1014 1357 1313 1426 Baptismum
1344 1363 1634 1422 moriuntur,
1651 1365 1814 1419 dicen-

56 1434 109 1487 di
134 1451 271 1485 erunt
295 1430 426 1484 tanta
449 1431 650 1501 puritate
675 1430 848 1489 nitere,
864 1430 962 1502 qua
991 1431 1042 1484 in
1067 1431 1207 1485 rebus
1238 1434 1404 1486 creatis
1435 1441 1591 1510 major
1622 1439 1709 1492 effe
1731 1463 1815 1494 ne-

57 1527 218 1584 queat,
235 1528 352 1561 nam
375 1510 428 1560 δε
444 1507 515 1559 isti
533 1507 672 1560 omni
687 1525 886 1579 peccato
903 1526 1077 1567 carent,
1094 1526 1198 1562 tam
1220 1510 1456 1582 originali,
1470 1512 1624 1584 quam
1650 1522 1813 1572 aetua-

57 1586 124 1646 li,
162 1603 210 1638 at
242 1584 345 1637 haec
375 1584 543 1636 omnia
572 1584 680 1636 sunt
710 1602 877 1637 contra
908 1583 1164 1656 expressam
1194 1589 1256 1638 D.
1280 1585 1490 1640 Thomae
1529 1591 1816 1650 sententiam

57 1663 174 1716 loco
204 1661 366 1719 citato,
384 1663 437 1712 &
459 1678 563 1711 tam
590 1659 712 1718 falsa,
730 1677 784 1712 ut
808 1659 928 1711 nihil
951 1660 1171 1733 amplius.
1249 1666 1580 1737 Bergomenfis
1607 1689 1724 1744 ergo
1741 1671 1813 1725 in..

57 1739 252 1794 feliciter
274 1736 389 1792 Divi
407 1734 615 1790 Thomae
631 1736 914 1789 sententiam
930 1737 1278 1809 interpretatur:
1311 1742 1365 1792 ὅ(
1389 1740 1500 1794 ideo
1525 1742 1632 1816 aly,
1659 1765 1714 1799 ut
1744 1748 1811 1801 fa.

57 1815 195 1872 essius
218 1817 261 1870 se
284 1815 382 1869 hoc
403 1814 685 1868 testimonio
708 1812 973 1873 liberarent,
986 1814 1161 1887 quippe
1183 1834 1286 1868 tam
1310 1815 1455 1876 claro,
1479 1819 1600 1872 illud
1631 1842 1811 1894 expun-

58 1894 278 1970 gendum
307 1892 542 1947 curarunt.
646 1896 806 1945 Notat
829 1891 960 1944 enim
984 1890 1272 1946 Catharinus
1294 1891 1320 1945 l.
1348 1914 1389 1944 2.
1416 1893 1470 1947 de
1493 1897 1814 1954 Immaculata

61 1973 347 2043 Conceptione
363 1973 399 2037 §.
415 1969 486 2022 ad
495 1967 589 2022 hac.
668 1974 726 2021 Et
749 1969 1038 2042 Raynaudus
1064 1970 1206 2021 ‘Tbmo
1223 1975 1266 2022 δ’.
1286 1968 1368 2044 fol.
1393 1991 1422 2021 2
1422 1991 1494 2037 9J.
1522 1973 1571 2026 in
1595 1975 1812 2032 editione

59 2047 443 2119 Antvverpienfi,
459 2049 538 2100 cui
562 2047 763 2100 Cosmas
787 2045 1024 2098 Morellus
1046 2046 1231 2118 praefuit
1246 2088 1260 2106 ,
1305 2047 1537 2102 omiffum
1559 2050 1711 2104 fuisse:
1737 2074 1808 2107 re-

57 2143 306 2200 pugnante
342 2122 454 2179 licet
474 2165 488 2184 ,
524 2127 578 2179 ὃς
601 2121 842 2200 aegerrime
880 2123 929 2177 id
950 2123 1126 2179 ferente
1149 2129 1293 2179 Sacro
1317 2125 1503 2182 Ordine
1526 2128 1806 2184 Praedicato-

55 2222 184 2258 mm.

170 2284 239 2334 II.
317 2280 546 2334 Secundus
565 2280 685 2334 locus
706 2284 767 2336 D.
781 2280 989 2336 Thomae
1010 2280 1213 2337 habetur
1233 2283 1284 2336 in
1308 2302 1340 2336 c.
1352 2301 1395 2348 3.
1413 2285 1548 2360 Epist.
1560 2284 1632 2337 ad
1644 2286 1811 2341 Galat:

58 2356 150 2410 lea.
165 2363 208 2409 ό.
241 2357 326 2411 ubi
343 2384 351 2411 :
369 2380 456 2411 non
470 2362 644 2416 inveni,
657 2358 1060 2433 inquit,malierem
1069 2360 1288 2434 apeccato
1307 2361 1533 2438 ortgz'nali,
1550 2362 1632 2415 vel
1641 2367 1805 2417 ad‘t'aa-

60 2433 97 2486 li
116 2433 295 2488 omnim?
315 2438 753 2510 immanem,praeter
763 2436 1050 2515 pariffimam
1063 2475 1078 2496 ,
1109 2436 1166 2503 εἴ
1194 2441 1319 2492 omni
1342 2437 1478 2492 laude
1501 2439 1628 2514 dtgm'
1658 2461 1807 2494 tmam

62 2512 299 2588 Istrginem
334 2515 580 2566 Mariam.
680 2519 750 2568 Ita
782 2514 926 2568 habet
958 2516 1105 2569 editio
1137 2515 1459 2588 antiquiffima
1492 2516 1808 2572 Bibliotheca:

60 2590 338 2643 Viennensis
362 2591 412 2642 in
435 2591 662 2666 Collegio
680 2593 923 2646 Societatis
938 2594 1044 2664 Jesu
1073 2594 1200 2666 apud
1229 2592 1532 2668 Allobrogas.
1569 2599 1628 2648 Et
1653 2596 1803 2648 editio

62 2666 191 2717 Anni
215 2686 299 2730 152
301 2688 346 2734 9.
372 2669 498 2739 apud
521 2673 674 2722 Patres
697 2670 938 2723 Minimos
967 2670 1180 2730 Tolosae,
1211 2669 1538 2746 allegaturq'ue
1561 2669 1641 2725 hic
1664 2671 1803 2725 locus

61 2738 93 2793 ὲ
115 2745 160 2793 Ρ.
184 2746 459 2816 Henriquez
482 2744 508 2796 l.
524 2765 567 2808 3.
595 2750 787 2798 Samma
808 2762 900 2820 cap.
919 2765 973 2797 η.
991 2746 1054 2800 lit.
1072 2750 1158 2800 M
1186 2752 1240 2801 ὃς
1262 2748 1437 2801 Pineda
1468 2747 1517 2801 in
1541 2768 1571 2800 c.
1585 2768 1632 2811 7.
1649 2747 1799 2802 Eccle-

48 2817 170 2892 fiast.
184 2839 226 2870 n.
240 2839 315 2884 29.
333 2824 385 2872 ὃ(
406 2822 454 2874 in
478 2822 781 2877 Editionibus
804 2823 1035 2877 Parifienfi
1052 2829 1198 2879 Anno
1215 2842 1347 2892 1529.
1373 2828 1426 2878 &
1448 2845 1470 2876 J
1470 2843 1503 2889 χ
1503 2843 1575 2887 32.
1595 2828 1647 2878 ὅ(
1662 2841 1796 2894 1541.

59 2897 114 2946 ὅ(
135 2913 189 2962 Ιχ
190 2916 265 2962 92.
285 2900 336 2949 ἃ
353 2900 659 2972 Lugdunensl
677 2905 823 2953 Anno
842 2920 970 2968 [χ41.
997 2906 1049 2955 ὃς
1065 2908 1248 2958 Veneta
1272 2907 1417 2955 Anno
1435 2921 1455 2951 J
1455 2919 1489 2965 χ
1489 2920 1523 2965 χ
1523 2919 1566 2966 χ.
1579 2905 1633 2955 ὃς
1649 2905 1799 2957 Anno

59 2989 185 3041 1590.
225 2974 316 3030 Sed
342 2974 392 3032 in
415 2977 754 3035 recentioribus
782 2978 1070 3037 editionibus
1094 2979 1287 3037 omissas
1324 2983 1382 3031 Et
1406 2978 1605 3053 quidem
1627 2980 1795 3033 editio-

1244 3060 1288 3114 A
1327 3076 1352 3114 2.
1678 3076 1797 3117 nem
