2107 3287
954 172 1333 240 >1⁴(66)›I<

268 310 366 345 cros
388 290 725 343 Dei-Parentis
749 284 842 338 dies
863 284 1304 363 commendatfflmos
1325 282 1486 338 habuit
1501 305 1514 346 ς
1532 283 1843 338 Immaculatae
1863 299 2020 338 tamen

270 370 550 441 Conceptioni
570 365 689 416 diem
710 361 916 416 dicatam
937 361 1248 439 fingularibm
1283 361 1337 415 id
1349 377 1529 435 propter
1544 404 1556 422 ‚
1591 361 1648 425 Εἴ
1670 365 1788 416 inter
1808 361 2019 415 mortales

266 464 402 515 agens
423 443 484 496 ab
510 439 664 494 eadem
691 442 876 516 Virgine
899 439 1056 493 multis
1077 444 1246 516 gratq‘s
1267 437 1530 492 cumulatus
1543 441 1639 510 fuit
1655 482 1666 499 ,
1693 438 1749 502 ΕΞ
1765 440 1856 515 pqst
1865 440 2020 513 funus

265 508 319 576 ia}
337 518 549 574 membris
572 521 666 590 ejus
688 517 935 595 Purtffimae
964 520 1264 590 Conceptionis
1289 520 1384 588 ejus
1413 518 1562 591 imago
1584 518 1690 590 viſst
1715 518 1780 592 cst.

379 599 504 647 VIII.
585 592 786 668 Septimb.
866 596 1010 647 Anno
1034 600 1171 661 JJXJ.
1211 592 1347 647 Cum
1369 593 1606 665 Hispanus
1623 595 1851 666 exercitus
1873 597 2023 647 Bom-⁴
2093 609 2103 619 ²

265 673 420 728 meliae
443 671 564 726 inter
583 671 778 744 paludes
811 675 863 724 ὅς
885 672 1133 727 eluviones
1154 671 1215 724 ab
1237 670 1456 724 hostibus
1483 670 1856 731 obsideretur‚&
1879 675 1979 745 jam
1996 669 2026 725 ἒι

264 751 418 806 fame,
453 748 624 824 frigore
646 789 659 808 ‚
694 749 1092 802 inundationibus
1117 790 1129 809 ‚
1167 746 1454 823 cymbisque
1478 752 1772 803 Batavorum
1794 748 2026 802 ultimam
2051 774 2056 780 ’

263 826 454 880 cladem
478 832 756 898 expectaret,
775 844 894 879 voto
917 827 962 878 se
988 825 1319 879 Immaculatae
1343 824 1530 899 Virgini
1551 827 1718 899 (cujus
1740 825 2025 899 imaginem,

263 904 387 956 dum
408 903 593 958 vallum
617 901 900 960 moliuntur,
916 902 965 954 in
988 902 1104 955 fossa
1121 908 1412 973 repererant)
1433 901 1869 975 obstringunt3nec
1885 922 2027 955 mora

262 981 411 1051 pridie
434 980 534 1033 festi
559 979 784 1032 flantibus
807 976 910 1031 tota
926 984 1074 1031 noete
1099 978 1404 1052 frigidiffimis
1429 977 1765 1048 aquilonibus,
1782 998 1919 1049 aquae
1942 999 2026 1053 ge-

263 1057 446 1116 lantur,
477 1055 735 1128 hostesque
757 1054 1006 1109 abscedere
1028 1056 1211 1113 coacti,
1239 1075 1300 1107 ne
1327 1052 1548 1108 videlicet
1583 1073 1757 1106 eorum
1784 1074 1928 1108 naves
1955 1075 2024 1108 re-

260 1133 462 1205 pentino
484 1134 597 1208 gelu
629 1131 946 1207 alligarentur.
1035 1130 1206 1203 th'ue
1242 1131 1391 1183 hostis
1415 1129 1625 1182 absceffit
1646 1169 1659 1187 ,
1695 1128 1869 1202 glacies
1892 1131 2026 1184 velut

260 1210 429 1263 officio
454 1212 541 1263 suo
567 1210 760 1266 funeta,
784 1212 836 1261 &
861 1227 999 1278 aquae
1023 1206 1363 1280 navigantibus
1386 1222 1569 1277 apertae.
1648 1207 1705 1255 In
1730 1223 1918 1277 gratam
1939 1211 2024 1259 Be-

259 1286 416 1359 neficij
440 1285 761 1343 memoriam,
789 1283 967 1336 eodem
997 1301 1242 1354 tempore,
1267 1280 1537 1354 ijsdemque
1562 1281 1613 1332 in
1642 1282 1817 1334 Castris
1840 1282 2028 1335 institu-

259 1381 307 1416 ta
337 1362 556 1415 sodalitas
581 1360 797 1414 militum
821 1359 1151 1429 Immaculatae
1176 1358 1537 1429 Conceptionis.
1576 1359 1702 1409 Rem
1732 1374 1891 1411 totam
1915 1380 2028 1431 pro-

258 1438 350 1493 lixe
377 1440 631 1493 Famianus
660 1436 824 1487 Strada
845 1453 1040 1487 enarrat.
1057 1433 1084 1486 l.
1097 1455 1144 1497 7.
1158 1432 1273 1485 Belli
1299 1433 1479 1508 Belgici.
1559 1432 1741 1506 Neque
1766 1438 1920 1506 potest
1942 1457 2027 1489 ne-

259 1516 383 1590 gari,
415 1516 591 1589 quippe
613 1512 904 1583 inspeotante
926 1528 1035 1564 toto
1059 1511 1321 1584 Hispanico
1347 1511 1567 1564 Exercitu
1583 1546 1598 1567 2
1622 1509 1832 1585 totoque
1855 1512 2026 1589 Belgio

259 1594 387 1646 teste.

368 1668 452 1720 IX.
533 1664 731 1719 Offlavb.
810 1666 954 1718 Anno
986 1671 1122 1731 1653.
1193 1664 1429 1719 Sodalitas
1455 1669 1504 1718 B.
1528 1662 1738 1741 Virginis
1760 1665 2024 1739 Affumptae

258 1740 310 1796 in
332 1748 504 1818 Regno
536 1743 768 1798 Valentiae
814 1761 1062 1817 rogaverat
1095 1743 1372 1796 Antonium
1398 1744 1457 1795 de
1484 1747 1649 1796 Guero
1674 1749 1716 1796 S.
1735 1742 2024 1819 Theologiae

258 1826 536 1874 Doctorem
558 1856 572 1877 ,
632 1840 703 1893 ex·
719 1820 1113 1894 Congregatione
1138 1825 1178 1872 S.
1206 1818 1408 1890 Philippi
1433 1820 1581 1873 Nerei
1604 1862 1616 1880 ,
1661 1820 1806 1875 vellet
1829 1821 1879 1873 in
1902 1821 2023 1876 urbe

259 1898 467 1951 Xantiva
491 1897 661 1950 festam
683 1896 815 1950 diem
845 1897 1129 1971 panegyrica
1155 1897 1372 1949 oratione
1402 1918 1490 1968 pro
1524 1898 1746 1973 suggestu
1779 1919 2020 1953 exornare.

261 1973 569 2045 Acceptavit‚
596 1974 674 2026 sed
698 1972 814 2027 cum
847 1974 907 2026 ad
944 1974 1174 2045 parietem
1204 1972 1366 2026 aernuli
1399 1974 1559 2028 nescio
1580 1979 1715 2049 cujus
1739 1996 1894 2029 manu
1915 1976 2022 2030 chi-

262 2049 560 2125 rographum
585 2050 785 2103 affixum
810 2049 1037 2122 reperisset
1058 2092 1071 2110 ,
1105 2072 1207 2124 quo
1233 2050 1479 2104 dicebatur
1500 2076 1510 2102 ε
1546 2052 1751 2104 Beatam
1780 2054 2021 2130 Virginem

261 2148 366 2180 cum
378 2142 557 2201 peccato
584 2127 817 2203 Originalz'
837 2142 1089 2201 conceptam
1112 2127 1181 2200 effi
1200 2149 1213 2188 ,·
1238 2146 1431 2181 mutato
1464 2127 1703 2190 themate,
1728 2131 1866 2203 quod
1889 2132 2019 2203 prius

262 2206 521 2258 meditatus
544 2203 718 2264 fuerat,
740 2226 827 2277 pro
850 2205 1037 2258 illibato
1060 2210 1402 2277 Conceptu>in
1426 2225 1479 2258 ea
1495 2208 1817 2261 Canticorum
1834 2208 2019 2263 Verba:

263 2284 387 2334 Sicut
412 2280 561 2334 lilium
591 2283 893 2357 interspinas‚
920 2281 1137 2336 disseruit.
1189 2282 1361 2336 Oratio
1384 2303 1569 2358 magno
1593 2284 1823 2338 omnium
1850 2284 2018 2356 plausu

262 2376 468 2430 excepta.
509 2360 734 2431 Sequenti
759 2364 812 2414 &
838 2359 994 2413 serena
1015 2366 1184 2419 nocte,
1222 2379 1475 2413 amoenam
1503 2360 1683 2414 vallem
1704 2361 2016 2416 inambulans

264 2453 478 2507 reputare
502 2435 671 2489 animo
697 2437 843 2509 coepit
865 2437 962 2491 lilia
987 2438 1106 2491 inter
1138 2437 1286 2510 spinas
1308 2457 1411 2490 non
1437 2438 1648 2491 crescere.
1726 2444 1786 2493 Et
1808 2459 1918 2494 ecce
1941 2458 2016 2494 ta·-

263 2511 327 2564 lia
352 2511 581 2571 volventi,
594 2512 998 2584 pulcherrimum,
1016 2519 1070 2568 &
1092 2515 1512 2568 candentiffimum
1534 2515 1655 2569 inter
1679 2516 1830 2589 spinas
1853 2516 2017 2572 lilium

263 2589 515 2642 visendum
539 2591 582 2643 se
606 2588 767 2649 offert,
792 2592 997 2651 accedit,
1024 2592 1265 2665 carpitque
1296 2594 1471 2645 florem
1498 2633 1509 2651 ,
1545 2592 1759 2667 eumque
1787 2593 2015 2647 attentius

264 2666 490 2736 speetanti
536 2686 723 2739 apparet
757 2668 923 2743 imago
967 2669 1296 2723 Immaculatae
1322 2670 1668 2741 Conceptionis
1698 2669 1854 2724 bulbo
1881 2671 2014 2724 floris

265 2742 503 2816 eleganter
529 2743 742 2815 impreffa
758 2785 769 2804 ‚
795 2746 942 2816 pallio
958 2787 971 2805 ‚
994 2745 1229 2820 radijsque
1261 2746 1448 2804 vestita,
1466 2750 1518 2800 ὃ(
1542 2752 1766 2801 Dracone
1788 2748 1849 2802 ad
1869 2749 2012 2820 pedes

263 2819 456 2888 jacente.
570 2826 637 2874 Ea
659 2821 720 2875 ab
744 2821 1146 2896 Archi-Episcopo
1171 2823 1429 2877 Valentino
1465 2844 1616 2877 aureae
1649 2826 1772 2879 cistae
1804 2825 2011 2884 inclusa,

265 2893 483 2967 Philippo
517 2917 690 2969 quarto
716 2899 852 2953 dono
874 2898 1008 2953 miss'a
1032 2902 1094 2952 est
1111 2938 1125 2957 ,
1159 2905 1212 2954 &
1239 2902 1362 2954 sacra
1384 2901 1551 2960 AEdes‚
1575 2901 1659 2954 ubi
1690 2901 1845 2955 lilium
1867 2922 2013 2973 appa-

266 2989 442 3030 ruerat,
469 2975 709 3031 aedificata.
823 2976 971 3030 Testis
998 2978 1216 3032 miraculi
1238 2995 1341 3034 tota
1362 2977 1585 3051 Hispania
1602 3020 1614 3040 ‚
1638 2983 1692 3034 &
1726 2978 1792 3033 rei
1813 2977 2013 3034 historia

1881 3059 2008 3108 Leo-
