2107 3287
952 221 1328 293 >1⁴(82)>1⁴

200 351 204 355 ’
262 367 300 398 2.
318 343 387 397 ad
406 339 602 397 Corinth.
618 356 662 401 3.
699 340 901 391 DEUM
925 337 1035 390 dare
1057 333 1321 407 unicuique
1354 335 1557 408 gratiam
1589 330 2007 406 proportionatam-

260 423 330 475 illi
351 418 596 496 dignitati,
628 415 689 467 ad
722 435 873 488 quam
897 414 1110 488 eligitur:
1145 429 1192 465 at
1215 411 1435 485 Dignitas
1458 409 1778 464 Maternitatis
1807 412 1917 462 DEI
1939 409 2007 460 est

258 502 416 572 major
438 492 666 568 dignitate
691 492 920 546 omnium
943 490 1246 565 Angelorum
1266 487 1389 555 (alia
1410 488 1542 540 enirn
1558 488 1623 539 est
1649 485 1853 561 dignitas
1876 484 2008 544 servi,

257 575 349 629 alia
371 573 574 645 dignitas
598 566 794 638 Matris)
831 588 947 643 ergo
970 566 1087 621 cum
1121 563 1292 639 Angeli
1325 563 1499 617 fuerint
1521 564 1661 617 creati
1685 563 1735 615 in
1756 563 1878 614 statu
1903 580 2007 635 gra-

257 654 355 708 tiae,
379 645 542 700 multo
566 646 720 721 magis
742 647 808 701 ita
830 645 972 698 creari
996 644 1156 698 decuit
1179 641 1397 695 animam
1426 640 1597 694 Matris
1624 665 1633 692 :
1681 642 1727 692 Si
1754 638 1888 691 enim
1917 657 2014 690 no·-

257 726 346 779 luit
367 725 417 777 in
442 725 528 777 suo
550 723 730 777 Palatio
746 722 919 776 habere
941 723 1110 780 servos,
1123 719 1207 772 nisi
1225 718 1519 776 innocentes,
1531 715 1719 791 quanto
1739 713 1895 790 magis
1917 733 2010 769 no-

256 802 346 857 luit
368 800 543 855 habere
565 805 805 857 Matrem,
829 799 914 850 nisi
939 798 1282 850 innocentem?

367 880 531 932 Dices:
566 882 615 931 B.
633 876 785 951 Virgo
808 875 897 928 fuit
916 874 1016 928 filia
1038 874 1155 926 Adae
1180 913 1196 934 ‚
1231 875 1285 926 δε
1311 872 1657 946 consequenter
1686 871 1784 944 ejus
1806 883 2014 943 peccato¹

250 956 471 1012 obnoxia
485 992 500 1013 ,
521 975 626 1010 non
647 953 711 1007 ita
734 950 920 1026 Angeli.

367 1032 491 1108 Resp.
569 1031 675 1084 Fuit
700 1028 799 1083 filia
823 1028 941 1082 Adae
956 1069 969 1089 ,
1005 1028 1084 1081 sed
1108 1026 1251 1082 simul
1276 1026 1367 1080 fuit
1389 1029 1551 1080 Mater
1570 1028 1727 1084 DE1÷
1754 1025 1789 1078 fi
1811 1045 1926 1102 ergo
1953 1045 2010 1081 tu

250 1111 386 1167 dicis,
399 1128 592 1182 peccare
615 1104 847 1165 debuiffe,
865 1105 979 1177 quia
1003 1105 1100 1158 filia
1124 1104 1372 1178 Adae2ego
1395 1103 1507 1156 dico
1530 1123 1635 1156 non
1659 1102 1881 1162 debuisse,
1894 1104 2010 1175 quia

251 1192 416 1242 Mater
437 1189 575 1245 DE13
613 1188 874 1255 Qantum
898 1201 1014 1254 ergo
1036 1184 1210 1234 DEUS
1233 1181 1430 1231 Adamo
1452 1181 1657 1256 praestat,
1678 1177 1873 1232 tantum
1895 1199 2013 1250 prae-

252 1266 341 1316 stat
364 1262 531 1315 titulus
557 1261 726 1314 Matris
765 1260 896 1310 DEI
931 1256 1077 1310 titulo
1100 1254 1226 1308 Filiae
1250 1254 1455 1313 Adami3
1493 1254 1620 1308 ceffit
1650 1275 1766 1330 ergo
1788 1255 2014 1310 debitum

251 1339 362 1392 filiae
385 1338 563 1390 Adami
584 1334 821 1410 Dignitati
849 1337 902 1386 &
926 1332 1179 1405 Privilegio
1202 1331 1375 1384 Matris
1391 1335 1514 1383 DEI.
1568 1331 1699 1386 Sicut
1715 1332 1848 1384 enim
1870 1332 1903 1384 si
1928 1353 2012 1386 an-

252 1415 363 1469 cilla
385 1413 506 1488 Regi
531 1412 708 1470 nubat,
734 1410 860 1462 cedit
884 1408 1024 1481 origo
1051 1411 1103 1460 &
1128 1407 1348 1460 conditio
1372 1407 1555 1460 ancillae
1570 1408 1849 1482 ,privilegijs
1871 1413 1924 1462 ὃς
1940 1409 2010 1462 di-

251 1490 423 1567 gnitati
444 1488 665 1562 Reginae3
704 1486 779 1538 Sic
794 1482 1061 1538 Beatiffima
1086 1483 1283 1557 Virgine
1309 1484 1369 1536 ad
1396 1484 1682 1557 dignitatem
1705 1485 1877 1538 Matris
1904 1505 2012 1541 eve-

249 1567 357 1624 ἃᾶ,
383 1566 442 1619 de
470 1564 549 1617 illa
573 1563 711 1634 loqui
735 1578 925 1632 oportet
947 1579 1051 1612 non
1073 1577 1126 1612 ut
1151 1561 1210 1612 de
1233 1559 1331 1612 filia
1352 1560 1553 1619 Adami,
1591 1561 1669 1614 sed
1695 1579 1748 1614 ut
1773 1562 1833 1614 de
1850 1566 2012 1616 Matre

251 1647 390 1701 DE13
427 1661 515 1695 nec
542 1658 647 1692 tam
670 1637 965 1692 considerare
987 1676 999 1694 ,
1031 1636 1150 1708 quid
1173 1637 1214 1689 ei
1241 1637 1502 1691 conveniat
1526 1656 1580 1690 ut
1603 1637 1785 1691 ancillae
1806 1679 1818 1697 ‚
1855 1637 2011 1710 quam

252 1720 374 1791 quid
397 1716 657 1771 conveniat
682 1733 735 1770 ut
761 1713 912 1769 Matri
934 1714 1209 1768 Innocentis
1236 1717 1371 1771 DEI,
1404 1713 1732 1789 omniumque
1759 1719 2009 1770 Creatura-

250 1816 362 1851 rum
379 1794 589 1869 Reginae.

364 1877 494 1926 XIV.
573 1870 720 1923 Ratio
742 1887 818 1938 14.
897 1874 954 1923 N
956 1870 1081 1945 egari
1104 1889 1208 1923 non
1232 1871 1401 1942 potest,
1423 1869 1595 1924 debere
1619 1870 1646 1924 a
1665 1869 1808 1924 nobis
1829 1872 2008 1929 amari,

248 1953 307 2004 ὃς
330 1948 427 2003 coli
450 1947 770 2000 Beatiffimam
786 1946 1052 2021 Virginem,
1071 1951 1124 2000 ὃς
1153 1948 1212 2000 de
1236 1947 1315 2000 illa
1341 1946 1525 2019 optime
1551 1948 1731 2005 sentiri,
1764 1947 2006 2021 quantum

252 2027 365 2080 licet
388 2028 442 2078 δε
466 2024 534 2077 fas
562 2025 650 2082 est,
683 2024 732 2076 id
758 2028 891 2077 enirn
917 2028 970 2077 &
993 2024 1127 2078 illam
1155 2028 1207 2077 δε
1227 2044 1318 2077 nos
1348 2025 1485 2078 decet
1505 2065 1518 2083 ,
1552 2025 1658 2097 quis
1696 2025 1830 2078 enim
1855 2025 2005 2085 filius,

255 2103 342 2157 nisi
366 2101 712 2176 ingratissimu5‚
725 2105 942 2154 Matrem
962 2101 1097 2154 suam
1124 2121 1227 2155 non
1248 2100 1389 2159 colat,
1402 2120 1546 2160 amet,
1560 2101 1841 2173 depraedicet
1857 2106 1908 2155 ὅ(
1925 2122 2005 2156 ve-

256 2197 458 2237 neretur,
476 2176 716 2252 quantum
739 2177 871 2236 licet,
896 2181 949 2230 δε
972 2178 1038 2231 fas
1065 2180 1130 2231 est
1152 2187 1165 2230 ἓ
1201 2181 1266 2231 At
1291 2177 1400 2230 licet
1424 2182 1478 2231 &
1498 2178 1566 2231 fas
1592 2179 2006 2236 est‚Beatiffimam

256 2257 512 2330 Virginem
538 2254 862 2313 innocentem,
875 2255 1270 2313 Immaculatam‚
1288 2253 1548 2328 omnisq'ue
1572 2255 1752 2326 peccati
1778 2255 2003 2329 Origina-

257 2333 313 2386 lis
340 2351 579 2403 expertem
603 2332 813 2390 credere,
830 2331 976 2390 fateri,
988 2351 1041 2385 ut
1063 2332 1210 2385 talem
1232 2331 1403 2390 colere,
1427 2335 1481 2384 &
1516 2330 1971 2404 ubic‘luepraedicare
1987 2356 2003 2388 ε

257 2409 364 2463 imo
386 2408 590 2462 Ecclesia
615 2428 718 2460 non
741 2408 934 2461 tanturn
956 2409 1004 2461 id
1029 2409 1280 2481 permittit,
1310 2406 1482 2462 verum
1511 2409 1657 2461 etiarn
1679 2408 1901 2463 maximis
1917 2413 2002 2462 Be-

259 2485 438 2559 neficijs
460 2484 787 2558 spiritualibus,
800 2486 885 2538 suo
906 2486 1208 2558 exemplo‚&
1233 2485 1414 2538 solenni
1439 2484 1557 2537 festo
1581 2484 1763 2543 invitat,
1780 2505 1864 2538 cur
1886 2505 2003 2559 ergo

259 2583 351 2617 nos
373 2562 574 2636 quodue
597 2582 699 2615 non
725 2582 833 2614 earn
855 2561 1074 2616 colamus
1094 2604 1106 2622 ,
1140 2566 1192 2616 &
1207 2561 1390 2635 ubiq'ue
1410 2580 1641 2615 terrarum
1664 2561 2003 2622 innocentem,

259 2639 536 2712 peccatiq'ue
563 2639 722 2692 omnis
749 2657 987 2710 expertem
1009 2639 1404 2712 depraedicemus?

371 2719 489 2769 Haec
514 2717 632 2770 ratio
655 2714 875 2788 palmaris
896 2718 985 2776 est,
1018 2721 1070 2770 &
1091 2714 1229 2789 plane
1251 2715 1496 2770 convincit
1511 2756 1523 2775 ,
1549 2714 1840 2790 nullumc'lue
1861 2716 2001 2791 tergi-

260 2793 510 2847 versationi
536 2793 706 2846 locum
729 2791 972 2864 relinquit:
1010 2793 1204 2847 Potestis
1226 2812 1410 2866 negare,
1428 2796 1641 2845 Matrem
1665 2792 1998 2865 amari‚colic'13

259 2870 443 2927 debere,
457 2869 698 2941 quantum
724 2868 832 2921 licet
857 2873 909 2922 ὃς
932 2870 998 2922 fas
1020 2872 1110 2923 est?
1138 2870 1327 2942 potestis
1356 2889 1551 2942 negare,
1589 2868 1727 2922 licere
1753 2873 1999 2922 Immacu-

262 2945 487 3003 latam‚&
512 2951 828 2999 Innocentem
852 2947 1061 3003 credere,
1079 2951 1128 3000 ὅ(
1148 2946 1424 3018 praedicare?
1448 2945 1641 2998 Potestis
1665 2964 1833 3019 negare
1850 2944 1998 3019 longe

255 3022 544 3095 praestantius
567 3022 667 3085 effe,
679 3023 815 3081 illam
836 3023 1017 3097 semper
1039 3023 1169 3078 suiffe
1190 3024 1502 3081 innocentem
1518 3063 1530 3083 ‚
1555 3020 1706 3098 quam
1730 3021 1997 3096 aliquando
2059 3094 2063 3095 ⁷

1888 3117 1998 3172 pec.-
