2107 3287
784 174 1127 243 ÷(⁷)›}‹

77 293 477 368 incoinquinatum
493 288 669 361 3stdad
686 289 934 360 Majorem
962 289 1297 360 Omm'potentiae
1312 291 1406 363 stite
1422 297 1826 371 manfistatimem

77 369 215 423 aliud
233 365 463 439 elabordffi’
488 367 643 439 tefflus
675 364 731 429 (ὅ
754 369 925 439 purim
956 363 1215 438 Seraphin&
1229 402 1243 421 ,
1277 368 1480 424 videlicet
1512 373 1827 451 Beatfſjfmam

80 448 340 523 Virginem,
361 465 419 496 ac
439 459 574 497 tanta
596 447 857 502 Parmam
880 458 931 495 ut
946 445 1117 516 purim
1142 441 1323 518 intelllgi
1343 466 1431 498 non
1449 450 1591 526 Jnjffl,
1603 453 1829 523 mstDeus

58 526 135 598 stt.
215 528 280 575 At
303 521 377 575 hae
400 522 748 594 propofitiones
773 521 912 575 toties
940 562 951 580 ,
991 524 1044 573 &
1077 539 1180 573 tam
1205 519 1340 572 enixe¹
1365 521 1391 573 a
1416 529 1456 575 S.
1483 525 1676 582 Thoma
1700 550 1828 601 repe-

70 604 169 655 titae
193 598 405 653 omnint)
429 599 551 652 falla:
573 601 704 659 sunt,
728 599 762 652 fi
785 604 833 651 B.
849 598 1002 673 Virgo
1026 597 1292 670 aliquando
1316 618 1569 669 peccatum
1583 606 1828 680 Originale

69 677 308 732 contraxit
332 701 346 737 3
400 677 446 731 Si
470 677 603 730 enim
628 677 887 735 contraxit,
922 697 1038 750 ergo
1057 675 1198 728 creari
1246 694 1456 746 poterat,
1491 678 1594 730 imi)
1619 681 1678 733 de
1701 684 1830 737 fauo

69 774 235 810 creatae
258 755 367 808 sunt
390 754 491 807 aliae
516 759 570 808 &
594 755 859 808 innumerae
884 758 1127 806 Creaturae
1152 751 1315 804 multi)
1353 753 1563 824 puriores
1589 760 1603 819 <
1622 756 1717 811 hoc
1742 762 1829 819 est,

67 837 199 908 juxta
221 832 463 907 Regulam
487 838 528 886 S.
547 832 771 891 Thomae‚
790 830 946 906 magis
969 829 1105 883 malo
1130 830 1447 901 impermixtae
1465 872 1475 888 ,
1508 834 1561 882 ὃς
1586 832 1610 883 a
1635 855 1832 904 peccato

70 911 381 979 remotiores)
408 930 582 962 omnes
603 910 708 963 vid:
723 909 922 984 Angeli,
941 908 1026 980 qui
1050 907 1245 959 nullum
1273 927 1529 978 peccatum
1548 912 1833 966 contraxere.

66 991 194 1057 Ergo
243 984 445 1058 cogitari
479 987 636 1053 potest
674 986 836 1055 aliqua
868 991 1100 1036 Creatura
1123 982 1209 1035 sub
1233 988 1346 1037 Deo
1377 985 1540 1056 purior
1572 989 1835 1044 Beatissima

66 1060 288 1134 Virgine,
306 1080 413 1133 quae
437 1060 662 1114 videlicet
690 1081 950 1133 nunquam
973 1059 1214 1132 peccasset.
1305 1067 1434 1135 Ergo
1463 1064 1638 1134 puritas
1664 1068 1835 1120 Beatis-

65 1138 195 1190 fimae
218 1137 428 1212 Virginis
459 1158 563 1189 non
586 1136 647 1190 eb
675 1135 837 1190 solum
863 1136 1020 1190 differt
1038 1136 1064 1190 a
1081 1138 1285 1191 Puritate
1308 1139 1502 1197 Divina,
1515 1140 1653 1211 quud
1670 1147 1717 1193 B.
1732 1147 1775 1193 V
1780 1144 1835 1194 ir-

64 1235 131 1289 go
159 1214 369 1286 potuerit
391 1233 611 1284 peccare,
641 1214 722 1265 sed
745 1214 894 1266 etiam
917 1234 972 1266 ex
1004 1235 1089 1272 eo,
1127 1213 1268 1286 qubd
1289 1216 1556 1288 aliquando
1585 1224 1700 1271 achi
1729 1239 1838 1290 pec-

65 1290 214 1344 caffet.

177 1369 345 1421 Dices:
383 1370 455 1420 Ut
475 1364 745 1418 Beatiffima
762 1363 917 1439 Virgo
940 1363 1129 1417 dicatur
1159 1367 1426 1436 purissima,
1459 1369 1653 1430 sufficit,
1682 1392 1735 1426 ut
1751 1373 1834 1426 ali-

67 1446 268 1516 quando
296 1444 436 1495 omni
457 1461 658 1514 peccato
696 1441 966 1516 Originali‚
1004 1446 1058 1494 δε
1091 1442 1285 1494 Actuali
1303 1445 1535 1503 caruerits
1560 1466 1676 1500 tunc
1702 1452 1835 1504 enim

67 1521 162 1573 dici
188 1519 348 1592 potuit
373 1519 630 1591 purissima,
642 1518 742 1572 hoc
768 1520 848 1577 est,
875 1519 972 1571 fine
995 1518 1135 1570 omni
1162 1519 1348 1590 prorsus
1368 1522 1586 1581 macula,
1614 1524 1725 1578 licet
1751 1528 1835 1579 ali-

67 1598 269 1670 quando
296 1597 464 1649 faedata
492 1596 632 1649 fuerit
654 1638 665 1655 ‚
703 1600 756 1650 ὃς
789 1596 1040 1649 maculam
1066 1595 1300 1648 habuerit.
1383 1600 1835 1669 Qmadmodum

67 1674 161 1727 dici
182 1675 337 1746 potest
358 1673 663 1745 purissimum
694 1694 869 1725 aurum
896 1714 908 1731 ‚
946 1673 1084 1744 quod
1110 1672 1172 1724 ab
1198 1672 1341 1724 Omni
1367 1672 1464 1726 alio
1491 1679 1693 1731 metallo
1720 1680 1832 1754 igne

67 1770 326 1826 purgatum
360 1751 450 1809 est,
468 1747 580 1802 licet
605 1768 870 1821 antequam
892 1768 1185 1823 purgaretur,
1198 1749 1365 1802 multis
1386 1752 1580 1805 faecibus
1607 1754 1830 1827 inquina-

69 1848 218 1885 returs
241 1832 294 1882 ὅ(
316 1827 624 1902 puriffimum
646 1827 805 1879 linum
818 1867 829 1885 ‚
847 1827 986 1898 quod
1006 1825 1271 1899 aliquando
1297 1828 1562 1888 sordidum,
1575 1831 1740 1903 postea
1757 1834 1830 1887 lo-

70 1924 180 1959 tum
217 1907 306 1964 est,
337 1910 390 1958 &
412 1904 805 1958 candidissimum
832 1904 986 1957 evasit.

181 1981 442 2058 Responde&
525 1987 566 2035 S.
580 1980 800 2034 Thomas
826 1981 886 2034 de
913 2002 966 2034 ea
990 1982 1195 2054 puritate
1221 1981 1467 2055 loquitur,
1485 2004 1594 2057 quae
1625 1988 1691 2038 est
1713 2009 1830 2060 prae-

71 2060 286 2133 rogativa
311 2059 456 2112 solius
482 2059 715 2134 Virginis,
742 2079 832 2112 nec
854 2059 938 2111 ulli
965 2063 1206 2112 Creaturae
1231 2061 1462 2114 convenit
1485 2103 1496 2120 ,
1535 2081 1588 2115 ut
1615 2083 1744 2136 patet
1771 2087 1829 2120 ex

70 2137 291 2189 adductis
319 2140 371 2190 &
402 2137 602 2189 laudatis
629 2136 748 2189 locis
772 2143 813 2190 S.
846 2137 1077 2189 Βοᾶοῑίε
1101 2162 1110 2189 :
1148 2142 1277 2212 Ergo
1306 2137 1507 2214 intelligi
1535 2161 1639 2192 non
1669 2145 1828 2215 potest

70 2214 130 2266 de
170 2234 304 2267 mera
339 2214 545 2267 carentia
581 2214 742 2267 omnis
782 2214 988 2288 peccati,
1024 2235 1114 2287 pro
1151 2214 1319 2287 aliquo
1350 2215 1544 2269 tantum
1575 2236 1824 2292 tempore3

69 2290 173 2343 haec
197 2291 330 2343 enim
356 2291 596 2365 competit
626 2312 729 2344 non
754 2290 916 2344 solum
943 2292 1136 2366 Angelis
1154 2333 1165 2351 ,
1197 2292 1274 2344 sed
1299 2294 1533 2347 omnibus
1574 2296 1721 2349 etiam
1755 2298 1825 2350 in-

68 2367 304 2427 fantibus,
343 2388 453 2422 ante
478 2370 620 2422 usum
647 2369 842 2422 rationis
869 2410 881 2428 ,
919 2373 972 2422 &
992 2371 1101 2442 post
1121 2370 1423 2443 Baptismum
1454 2372 1824 2435 decedentibus-2

70 2443 174 2497 im&
202 2450 255 2499 ἃ
279 2452 320 2499 S.
336 2445 551 2519 Johanni
577 2447 793 2519 Baptistae
812 2489 822 2506 ‚
850 2450 902 2500 ἃ
930 2447 1302 2520 quamplurimis
1325 2448 1425 2521 alijs
1445 2450 1720 2508 Sanctis,ac
1738 2452 1824 2525 ipfi

71 2521 217 2575 etiam
243 2524 551 2599 Magdalenae
572 2525 823 2597 peccatrici
847 2548 860 2584 5
888 2523 936 2576 hi
964 2524 1095 2577 enim
1127 2546 1299 2578 omnes
1322 2547 1411 2599 pro
1435 2527 1602 2599 aliquo
1629 2547 1823 2602 tempo-

71 2617 118 2650 re
144 2600 283 2653 omni
304 2601 499 2655 macula
521 2601 711 2655 caruere
738 2626 751 2661 5
779 2623 841 2655 an
868 2600 982 2655 veri)
1004 2602 1115 2655 ideo
1142 2603 1235 2655 dici
1263 2604 1438 2676 possint
1463 2603 1596 2657 tanta
1617 2607 1822 2678 puritate

70 2675 253 2729 nituiffe
276 2718 287 2735 ‚
311 2678 405 2751 qua
434 2683 590 2754 major
616 2679 702 2732 sub
726 2685 837 2732 Deo·
864 2679 1064 2754 cogitari
1085 2701 1189 2732 non
1211 2680 1377 2753 possit?
1417 2700 1499 2735 aut
1529 2687 1695 2735 Deum
1717 2704 1822 2737 non

69 2750 199 2825 posse
231 2758 515 2809 Creaturam
545 2756 763 2829 aliquam
804 2758 1068 2830 producere
1095 2757 1393 2833 Magdalena
1419 2760 1692 2832 puriorem?
1729 2765 1819 2814 Pu-

70 2829 177 2881 ritas
202 2850 331 2905 ergo,
344 2833 401 2885 de
418 2855 515 2906 qua
537 2833 754 2907 loquitur
782 2840 822 2888 S.
838 2834 1082 2893 Thomas,
1100 2856 1203 2887 non
1228 2837 1292 2888 est
1309 2835 1501 2889 tantum
1518 2856 1607 2908 pro
1635 2836 1818 2910 aliquo,

70 2905 146 2958 sed
168 2928 258 2980 pro
285 2911 425 2962 omni
445 2930 693 2983 tempore5
730 2933 848 2965 nam
871 2932 977 2985 quae
998 2913 1189 2988 purgari
1213 2913 1355 2966 debet
1376 2955 1387 2971 ‚
1426 2934 1527 2966 non
1551 2914 1615 2966 est
1638 2917 1817 2986 puriss'i-

69 3002 180 3044 mas
219 2986 349 3040 Sicut
364 2992 609 3048 Matrona,
623 3010 731 3062 quae
755 2990 1019 3064 aliquando
1040 2992 1280 3063 pudorem
1303 2991 1459 3045 amisit
1482 3033 1494 3050 ‚
1527 3012 1631 3045 non
1653 2994 1717 3045 cst
1741 3012 1817 3044 ca-

1258 3073 1294 3120 B
1336 3090 1357 3120 2
1692 3069 1822 3121 stissi-
