2107 3287
966 160 1341 230 ÷(4⁶)›1‹

273 277 526 333 debitricem
549 277 772 332 tantilms
796 293 899 327 non
912 278 1207 348 peccatricem
1231 273 1475 348 appellari,
1499 296 1607 351 quae
1631 275 1841 329 omnino
1861 274 2024 329 nostra.

271 357 499 411 sententia
523 357 598 409 est.

385 440 427 487 S,
453 429 658 505 Cyrillus
682 428 1074 502 Archicpiscopus
1097 430 1445 483 Alexandrinus
1468 428 1571 482 Lib.
1591 437 1635 483 6.
1653 451 1684 483 c.
1699 447 1769 495 15.
1786 429 1835 481 in
1845 422 2021 507 Joann.

271 512 457 584 Evang.
497 510 644 559 Cacus
664 508 736 578 iste
761 510 918 559 Genus
939 505 1199 559 humanum
1219 506 1439 583 designat,
1461 507 1587 582 quod
1603 510 1651 561 in
1663 509 1818 581 primo
1829 520 2020 580 parente

267 599 534 639 excaecatum
559 585 762 660 est2quia
784 605 840 636 ex
860 583 931 637 illo
956 586 1195 638 traximus
1216 603 1366 637 omnes
1386 604 1474 636 non
1481 582 1875 660 ſslunioriginem
1898 601 2019 633 mor-

268 669 347 721 tie,
364 660 457 733 sed
472 664 612 714 etiam
645 664 917 738 iniquitatis.
998 664 1094 713 Per
1116 682 1264 714 unum
1283 651 1406 715 enini
1422 659 1646 715 hominem
1668 682 1792 714 mors
1811 697 1826 718 ,
1864 658 1920 723 Εἴ
1936 674 2022 732 per

265 757 416 792 unum
445 736 667 791 bominem
694 754 934 812 peccatum
959 740 1165 793 intravit
1190 741 1240 792 in
1270 738 1528 792 Mundum
1542 780 1555 799 ‚
1588 737 1645 802 Εἴ
1670 754 1754 812 per
1779 752 2021 812 peccatum

264 836 389 868 mors
404 857 417 875 ,
453 836 545 891 qua
567 818 616 868 in
638 833 788 868 omnes
810 814 1008 868 homines
1021 817 1296 890 pertransijt.
1369 813 1377 816 γ’
1386 817 1452 869 Et
1471 814 1574 869 bene
1595 837 1685 868 non
1689 814 1847 887 filum
1871 834 2020 870 cacus,

249 893 340 967 fid
374 895 512 945 etiam
552 913 684 945 caecus
705 890 738 944 a
759 894 1014 945 nativitate
1043 893 1213 945 dicitur
1234 935 1247 953 ,
1282 896 1398 969 quia
1429 913 1580 946 omnes
1601 891 1830 961 homines(
1846 906 2021 963 excepto

262 968 359 1029 illo,
382 973 465 1045 qui
486 969 539 1022 de
566 972 753 1045 Virgine
774 983 916 1022 natus
939 971 1015 1044 ss,
1039 967 1096 1031 Εἴ
1116 970 1428 1048 Sacratifflma
1455 973 1595 1023 etiam
1622 971 1826 1043 Virgine,
1844 989 1901 1020 ex
1920 985 2022 1042 qua

261 1048 396 1100 Deus
418 1045 546 1100 bomo
563 1046 732 1120 produt
757 1049 806 1100 in
826 1045 1099 1102 Mundum,
1112 1046 1345 1119 exemptd)
1370 1067 1475 1099 cum
1487 1061 1669 1119 peccato
1693 1042 1906 1120 originali
1929 1063 2020 1096 na-

242 1124 427 1196 stimur
441 1161 456 1181 ,
500 1122 558 1186 Εἴ
571 1123 848 1202 gravissima
870 1126 1055 1176 caecz‘tate
1076 1122 1258 1200 depreffi
1270 1127 1321 1176 in
1343 1123 1602 1176 Mundum
1622 1123 1854 1176 venimus,
1871 1138 2020 1194 quam

257 1200 444 1276 quidem
468 1204 703 1254 caecitatem
727 1201 780 1253 de
805 1197 958 1251 radice
974 1202 1121 1270 primi
1146 1202 1367 1250 Parentis
1388 1200 1717 1250 contraximus.
1773 1202 1833 1249 Et
1850 1196 1901 1248 in
1918 1202 2020 1249 Scr-

256 1298 394 1330 mon.
419 1297 587 1332 contra
610 1284 665 1330 N
667 1276 923 1329 estorium:
950 1276 1273 1327 ‘Temerarium
1295 1276 1349 1348 est
1368 1290 1531 1346 ponere
1551 1276 1602 1326 in
1616 1275 1804 1326 Maria
1823 1275 2020 1348 Isirgine

248 1368 434 1428 propter
455 1352 626 1405 Filium
647 1352 842 1425 culpam,
858 1366 944 1402 aut
959 1366 1200 1422 peccatum
1224 1350 1425 1426 aliquod.
1463 1356 1522 1404 Et
1544 1351 1595 1403 in
1617 1350 1847 1404 Concilio
1860 1349 2019 1422 Ephe-

254 1430 359 1484 smo
376 1430 564 1483 Homil.
587 1445 626 1481 6.
663 1430 788 1502 Qu
809 1447 1022 1502 unquam
1043 1426 1238 1479 audivit
1257 1425 1578 1480 Architec't'um
1593 1469 1605 1487 ,
1625 1431 1708 1502 qui
1712 1426 1806 1499 fibi
1825 1427 2016 1479 domum

254 1505 499 1577 aedficavtt
514 1547 526 1566 ,
552 1509 647 1577 ejus
667 1507 996 1577 occupationem
1020 1502 1077 1565 εξ
1088 1503 1374 1580 poſjifflonem
1385 1502 1600 1577 primum
1611 1505 1703 1577 suo
1722 1505 1904 1557 inimico
1927 1523 2018 1556 ces-

272 1605 287 1635 t
317 1589 374 1637 e?
769 1623 775 1630 .

240 1584 337 1657 sff
367 1660 516 1713 Seculo
551 1661 605 1713 V
665 1658 846 1712 Floruit
869 1665 909 1712 S.
925 1658 1102 1712 Sabbas
1128 1664 1385 1713 Sacrorum
1408 1665 1720 1714 Menaeorum
1736 1658 2014 1715 Colleckor,

256 1742 308 1790 ὃς
340 1736 541 1790 thualis
567 1739 785 1789 Auctor:
822 1737 919 1789 Hic
942 1737 992 1788 in
1018 1736 1104 1789 suo
1137 1738 1315 1791 Rituali
1345 1737 1755 1811 Jcrosolymitano
1782 1735 2011 1790 meminit

254 1813 402 1887 Officij
427 1815 487 1866 dc
512 1812 831 1874 Immaculata
848 1817 1184 1885 Conceptionc
1211 1815 1302 1882 (de
1326 1835 1430 1887 quo
1462 1813 1611 1870 videri
1633 1815 1788 1886 potest
1821 1816 1867 1866 P.
1894 1816 2009 1866 Wa-

253 1911 465 1965 gncrcgg
487 1892 537 1941 in
556 1894 736 1943 Canone
758 1890 1050 1965 Ecclcssastico
1073 1893 1130 1943 B.
1157 1890 1353 1943 Andreae
1371 1892 1610 1964 Cretensis)
1631 1893 1696 1945 cst
1719 1889 1835 1946 vcro
1860 1889 2007 1963 officij

253 1967 443 2020 titulus:
482 1966 697 2044 Officium
721 1969 967 2021 Divinum
988 1964 1178 2040 Ecclesia
1202 1971 1356 2021 Graecae
1375 1991 1424 2035 9.
1441 1967 1651 2022 Decemb.
1676 1966 1892 2021 celebrari
1892 1966 2012 2040 soli-

251 2059 354 2096 tum
379 2047 682 2117 Conceptionis
707 2049 748 2098 S.
771 2046 920 2098 Annae
942 2087 954 2105 ,
991 2044 1090 2121 quei
1114 2044 1191 2099 illa
1222 2047 1450 2099 Matrem
1478 2045 1618 2099 DEI
1627 2047 1828 2119 concepit.
1907 2045 2014 2117 Ipse,

250 2121 367 2175 vcro
393 2120 628 2175 SSabbas
650 2122 721 2175 die
757 2142 819 2174 I2.
843 2121 966 2175 Febr.
993 2122 1091 2176 Ode
1110 2143 1155 2189 5.
1182 2124 1247 2177 ita
1281 2124 1433 2177 canit:
1473 2125 1551 2176 ‘Iu
1571 2123 1757 2200 quidem
1783 2124 1925 2198 Virgo
1944 2119 2007 2174 ab

250 2213 406 2251 aterno
418 2214 599 2272 propter
617 2199 901 2275 splendorem
925 2202 1195 2276 integritatis
1213 2238 1228 2258 ‚
1270 2198 1329 2263 Εἴ
1354 2199 1743 2275 pulchritudinem
1781 2202 2006 2275 Virgina-

251 2274 360 2332 lem,
373 2296 429 2328 ac
448 2276 639 2351 denique
651 2293 834 2351 propter
845 2280 1006 2353 gratiae
1028 2278 1172 2335 dona,
1195 2298 1290 2354 qua
1312 2294 1353 2332 te
1375 2277 1436 2331 ab
1455 2280 1581 2332 omni
1601 2298 1727 2331 navo
1747 2279 2004 2331 immunem

232 2354 447 2426 fecerunt
460 2395 470 2412 ‚
475 2353 582 2425 sola
598 2355 725 2427 fuisti
747 2355 887 2430 digna
913 2358 1034 2409 tanti
1044 2356 1213 2429 partus
1233 2354 1407 2409 honore.
1486 2362 1545 2410 Et
1573 2355 1645 2407 die
1669 2361 1737 2408 [Χ.
1753 2354 1853 2408 Ode
1876 2360 1918 2406 ό.
1942 2355 2004 2408 de

252 2435 292 2482 S.
319 2430 528 2504 Cyrillo:
568 2434 614 2483 O
640 2433 780 2507 Virgo
800 2435 1014 2506 Deipara
1040 2433 1094 2486 de
1113 2432 1451 2507 tesolapublice
1470 2435 1650 2508 constat,
1662 2432 1790 2508 quod
1799 2430 1861 2484 ab
1882 2448 2006 2485 aeter-

250 2527 306 2558 no
341 2507 520 2560 munda
557 2511 767 2561 extiteris.
847 2516 905 2563 Et
930 2510 1000 2563 die
1020 2531 1062 2574 3.
1101 2505 1206 2589 Jan.
1231 2509 1331 2563 Ode
1360 2533 1407 2578 9.
1456 2513 1511 2563 In
1531 2526 1572 2563 te
1597 2513 1744 2584 primi
1778 2512 2001 2562 Parentis

230 2581 433 2657 stibstitit
453 2583 613 2657 lapsus.
704 2587 833 2639 Vixit
857 2589 1034 2641 eodem
1056 2582 1226 2642 Scculo
1252 2593 1293 2641 S.
1307 2590 1519 2642 Andreas
1543 2587 1801 2645 Crctcnfis,
1832 2587 2001 2640 videli-

249 2680 323 2713 cet
346 2662 468 2714 circa
491 2667 580 2715 An.
602 2669 708 2728 560.
727 2665 810 2735 qui
832 2665 880 2716 in
912 2670 1117 2719 Canonc
1140 2665 1463 2729 Ecclesiastico
1486 2667 1597 2719 Ode
1618 2685 1690 2731 jo.
1727 2666 1879 2718 Anna
1896 2685 1999 2716 con-

249 2741 356 2809 cepit
372 2755 551 2811 puram
577 2738 782 2792 Sobolem.
860 2748 919 2795 Et
948 2745 1053 2814 post
1079 2743 1208 2797 Oden
1221 2763 1266 2806 3.
1303 2745 1454 2795 Anna
1465 2742 1633 2818 sterilis
1657 2744 1996 2797 intemeratam,

249 2817 461 2891 castam}
491 2815 693 2889 puellam
715 2821 913 2891 concepit.
1016 2821 1160 2873 Hanc
1179 2819 1304 2872 bodie
1347 2839 1423 2872 ceu
1445 2819 1602 2893 ſslam
1632 2816 1994 2895 Immaculattffi-

247 2909 379 2941 mam
400 2913 549 2946 omnes
573 2915 652 2945 nos
670 2897 873 2947 Beatam
911 2896 1152 2949 dicamus:
1185 2902 1279 2969 ejus
1311 2918 1391 2950 nos
1420 2901 1641 2950 Sanciam
1664 2898 1995 2968 Conceptionem

243 2965 456 3019 colamus.
537 2972 661 3026 Vide
691 2977 903 3028 Textum
927 2978 1153 3028 Graecum
1175 2975 1225 3028 in
1262 2975 1490 3032 Vcrslone
1523 2975 1749 3028 Francisci
1774 2973 1993 3026 Combe-

1937 3051 1993 3104 fis
