<?xml version="1.0" encoding="UTF-8"?>
<!DOCTYPE html PUBLIC "-//W3C//DTD XHTML 1.0 Transitional//EN"
    "http://www.w3.org/TR/xhtml1/DTD/xhtml1-transitional.dtd">
<html xmlns="http://www.w3.org/1999/xhtml" xml:lang="en" lang="en">
 <head>
  <title>
</title>
<meta http-equiv="Content-Type" content="text/html;charset=utf-8" />
  <meta name='ocr-system' content='tesseract 3.04.00' />
  <meta name='ocr-capabilities' content='ocr_page ocr_carea ocr_par ocr_line ocrx_word'/>
</head>
<body>
  <div class='ocr_page' id='page_1' title='image "./innocentiavindic00sfon/innocentiavindic00sfon_0051.png"; bbox 0 0 2107 3287; ppageno 0'>
   <div class='ocr_carea' id='block_1_1' title="bbox 808 144 1183 211">
    <p class='ocr_par' dir='ltr' id='par_1_1' title="bbox 808 144 1183 211">
     <span class='ocr_line' id='line_1_1' title="bbox 808 144 1183 211; baseline 0.003 -1"><span class='ocrx_word' id='word_1_1' title='bbox 808 144 1183 211; x_wconf 63' lang='lat'>÷(35)÷</span> 
     </span>
    </p>
   </div>
   <div class='ocr_carea' id='block_1_2' title="bbox 25 254 1863 3104">
    <p class='ocr_par' dir='ltr' id='par_1_2' title="bbox 109 254 1858 472">
     <span class='ocr_line' id='line_1_2' title="bbox 114 254 1856 336; baseline 0.002 -21"><span class='ocrx_word' id='word_1_2' title='bbox 114 264 164 316; x_wconf 84' lang='lat' dir='ltr'>in</span> <span class='ocrx_word' id='word_1_3' title='bbox 185 259 379 313; x_wconf 82' lang='lat' dir='ltr'>historia</span> <span class='ocrx_word' id='word_1_4' title='bbox 401 256 726 311; x_wconf 83' lang='lat' dir='ltr'>Lombardica</span> <span class='ocrx_word' id='word_1_5' title='bbox 752 296 764 314; x_wconf 84' lang='lat'>‚</span> <span class='ocrx_word' id='word_1_6' title='bbox 790 255 925 308; x_wconf 85' lang='lat' dir='ltr'>binas</span> <span class='ocrx_word' id='word_1_7' title='bbox 949 254 1164 307; x_wconf 84' lang='lat' dir='ltr'>historias</span> <span class='ocrx_word' id='word_1_8' title='bbox 1187 297 1198 313; x_wconf 88' lang='lat'>‚</span> <span class='ocrx_word' id='word_1_9' title='bbox 1225 260 1276 308; x_wconf 84' lang='lat'>&amp;</span> <span class='ocrx_word' id='word_1_10' title='bbox 1299 258 1527 313; x_wconf 85' lang='lat' dir='ltr'>miracula</span> <span class='ocrx_word' id='word_1_11' title='bbox 1550 261 1687 315; x_wconf 85' lang='lat' dir='ltr'>refert</span> <span class='ocrx_word' id='word_1_12' title='bbox 1702 303 1714 322; x_wconf 91' lang='lat'>,</span> <span class='ocrx_word' id='word_1_13' title='bbox 1748 269 1856 336; x_wconf 73' lang='lat' dir='ltr'>quae&#39;</span> 
     </span>
     <span class='ocr_line' id='line_1_3' title="bbox 110 331 1858 414; baseline 0 -23"><span class='ocrx_word' id='word_1_14' title='bbox 110 336 354 413; x_wconf 71' lang='lat' dir='ltr'>contigere</span> <span class='ocrx_word' id='word_1_15' title='bbox 378 337 429 388; x_wconf 91' lang='lat' dir='ltr'>in</span> <span class='ocrx_word' id='word_1_16' title='bbox 464 334 890 388; x_wconf 87' lang='lat' dir='ltr'>confirmationem</span> <span class='ocrx_word' id='word_1_17' title='bbox 922 331 1251 385; x_wconf 82' lang='lat' dir='ltr'>Immaculatae</span> <span class='ocrx_word' id='word_1_18' title='bbox 1287 337 1643 408; x_wconf 87' lang='lat' dir='ltr'>Conceptionis.</span> <span class='ocrx_word' id='word_1_19' title='bbox 1716 340 1858 414; x_wconf 76' lang='lat' dir='ltr'>Obijt</span> 
     </span>
     <span class='ocr_line' id='line_1_4' title="bbox 109 419 426 472; baseline -0.006 -5"><span class='ocrx_word' id='word_1_20' title='bbox 109 419 258 467; x_wconf 90' lang='lat' dir='ltr'>Anno</span> <span class='ocrx_word' id='word_1_21' title='bbox 291 431 426 472; x_wconf 84' lang='lat'>1298.</span> 
     </span>
    </p>

    <p class='ocr_par' dir='ltr' id='par_1_3' title="bbox 104 486 1860 1326">
     <span class='ocr_line' id='line_1_5' title="bbox 223 486 1855 559; baseline 0.001 -16"><span class='ocrx_word' id='word_1_22' title='bbox 223 486 513 543; x_wconf 61' lang='lat' dir='ltr'>Duodecim&amp;</span> <span class='ocrx_word' id='word_1_23' title='bbox 608 487 889 542; x_wconf 78' lang='lat' dir='ltr'>Vincentius</span> <span class='ocrx_word' id='word_1_24' title='bbox 909 487 1198 559; x_wconf 84' lang='lat' dir='ltr'>Justinianus</span> <span class='ocrx_word' id='word_1_25' title='bbox 1233 487 1282 538; x_wconf 86' lang='lat' dir='ltr'>in</span> <span class='ocrx_word' id='word_1_26' title='bbox 1319 489 1658 545; x_wconf 87' lang='lat' dir='ltr'>Additionibus</span> <span class='ocrx_word' id='word_1_27' title='bbox 1694 494 1756 545; x_wconf 89' lang='lat' dir='ltr'>ad</span> <span class='ocrx_word' id='word_1_28' title='bbox 1786 495 1855 547; x_wconf 45' lang='lat' dir='ltr'>Vi*</span> 
     </span>
     <span class='ocr_line' id='line_1_6' title="bbox 110 563 1856 641; baseline -0.001 -18"><span class='ocrx_word' id='word_1_29' title='bbox 110 587 213 623; x_wconf 88' lang='lat' dir='ltr'>tam</span> <span class='ocrx_word' id='word_1_30' title='bbox 235 571 283 620; x_wconf 89' lang='lat' dir='ltr'>B.</span> <span class='ocrx_word' id='word_1_31' title='bbox 297 563 777 620; x_wconf 66' lang='lat' dir='ltr'>[udovicissertrami</span> <span class='ocrx_word' id='word_1_32' title='bbox 795 565 1112 618; x_wconf 78' lang='lat' dir='ltr'>commendat</span> <span class='ocrx_word' id='word_1_33' title='bbox 1136 563 1428 616; x_wconf 80' lang='lat' dir='ltr'>miraculum</span> <span class='ocrx_word' id='word_1_34' title='bbox 1446 570 1492 616; x_wconf 85' lang='lat' dir='ltr'>B.</span> <span class='ocrx_word' id='word_1_35' title='bbox 1507 568 1755 622; x_wconf 88' lang='lat' dir='ltr'>Dominici</span> <span class='ocrx_word' id='word_1_36' title='bbox 1767 589 1856 641; x_wconf 90' lang='lat' dir='ltr'>pro</span> 
     </span>
     <span class='ocr_line' id='line_1_7' title="bbox 110 639 1857 719; baseline 0.001 -22"><span class='ocrx_word' id='word_1_37' title='bbox 110 645 311 719; x_wconf 88' lang='lat' dir='ltr'>puritate</span> <span class='ocrx_word' id='word_1_38' title='bbox 336 643 684 714; x_wconf 86' lang='lat' dir='ltr'>Conceptionis</span> <span class='ocrx_word' id='word_1_39' title='bbox 719 642 967 716; x_wconf 85' lang='lat' dir='ltr'>Virgineae.</span> <span class='ocrx_word' id='word_1_40' title='bbox 1062 643 1116 694; x_wconf 92' lang='lat' dir='ltr'>Id</span> <span class='ocrx_word' id='word_1_41' title='bbox 1143 639 1257 694; x_wconf 77' lang='lat' dir='ltr'>vero</span> <span class='ocrx_word' id='word_1_42' title='bbox 1278 641 1579 695; x_wconf 86' lang='lat' dir='ltr'>Miraculum</span> <span class='ocrx_word' id='word_1_43' title='bbox 1600 648 1700 716; x_wconf 80' lang='lat' dir='ltr'>jam</span> <span class='ocrx_word' id='word_1_44' title='bbox 1723 648 1857 716; x_wconf 81' lang='lat' dir='ltr'>supra</span> 
     </span>
     <span class='ocr_line' id='line_1_8' title="bbox 110 716 1857 792; baseline 0.001 -18"><span class='ocrx_word' id='word_1_45' title='bbox 110 721 315 775; x_wconf 89' lang='lat' dir='ltr'>relatum</span> <span class='ocrx_word' id='word_1_46' title='bbox 339 722 416 773; x_wconf 92' lang='lat' dir='ltr'>est.</span> <span class='ocrx_word' id='word_1_47' title='bbox 450 722 488 787; x_wconf 87' lang='lat'>§.</span> <span class='ocrx_word' id='word_1_48' title='bbox 504 720 713 792; x_wconf 52' lang='lat' dir='ltr'>praffe‘nti.</span> <span class='ocrx_word' id='word_1_49' title='bbox 735 740 778 772; x_wconf 82' lang='lat' dir='ltr'>n.</span> <span class='ocrx_word' id='word_1_50' title='bbox 802 739 836 770; x_wconf 84' lang='lat' dir='ltr'>J.</span> <span class='ocrx_word' id='word_1_51' title='bbox 915 724 974 771; x_wconf 89' lang='lat' dir='ltr'>Et</span> <span class='ocrx_word' id='word_1_52' title='bbox 997 717 1201 771; x_wconf 88' lang='lat' dir='ltr'>habetur</span> <span class='ocrx_word' id='word_1_53' title='bbox 1223 717 1273 768; x_wconf 91' lang='lat' dir='ltr'>in</span> <span class='ocrx_word' id='word_1_54' title='bbox 1298 716 1482 770; x_wconf 85' lang='lat' dir='ltr'>Officio</span> <span class='ocrx_word' id='word_1_55' title='bbox 1506 723 1777 774; x_wconf 79' lang='lat' dir='ltr'>Bernardini</span> <span class='ocrx_word' id='word_1_56' title='bbox 1797 723 1857 774; x_wconf 84' lang='lat' dir='ltr'>de</span> 
     </span>
     <span class='ocr_line' id='line_1_9' title="bbox 108 795 1860 870; baseline -0.002 -19"><span class='ocrx_word' id='word_1_57' title='bbox 108 799 284 857; x_wconf 84' lang='lat' dir='ltr'>Bustis,</span> <span class='ocrx_word' id='word_1_58' title='bbox 305 797 571 870; x_wconf 88' lang='lat' dir='ltr'>approbato</span> <span class='ocrx_word' id='word_1_59' title='bbox 598 795 625 849; x_wconf 75' lang='lat' dir='ltr'>a</span> <span class='ocrx_word' id='word_1_60' title='bbox 653 797 784 849; x_wconf 83' lang='lat' dir='ltr'>Sixto</span> <span class='ocrx_word' id='word_1_61' title='bbox 806 800 885 849; x_wconf 89' lang='lat' dir='ltr'>IV.</span> <span class='ocrx_word' id='word_1_62' title='bbox 910 796 959 847; x_wconf 85' lang='lat' dir='ltr'>in</span> <span class='ocrx_word' id='word_1_63' title='bbox 981 797 1118 848; x_wconf 81' lang='lat' dir='ltr'>tertia</span> <span class='ocrx_word' id='word_1_64' title='bbox 1139 795 1215 847; x_wconf 84' lang='lat' dir='ltr'>die</span> <span class='ocrx_word' id='word_1_65' title='bbox 1243 799 1445 848; x_wconf 62' lang='lat' dir='ltr'>Octavae</span> <span class='ocrx_word' id='word_1_66' title='bbox 1468 795 1589 845; x_wconf 51' lang='lat' dir='ltr'>Leo?</span> <span class='ocrx_word' id='word_1_67' title='bbox 1604 816 1655 863; x_wconf 79' lang='lat'>4.</span> <span class='ocrx_word' id='word_1_68' title='bbox 1735 805 1792 852; x_wconf 84' lang='lat' dir='ltr'>Et</span> <span class='ocrx_word' id='word_1_69' title='bbox 1810 798 1860 851; x_wconf 88' lang='lat' dir='ltr'>in</span> 
     </span>
     <span class='ocr_line' id='line_1_10' title="bbox 109 871 1859 948; baseline -0.001 -21"><span class='ocrx_word' id='word_1_70' title='bbox 109 874 306 928; x_wconf 86' lang='lat' dir='ltr'>historia</span> <span class='ocrx_word' id='word_1_71' title='bbox 339 874 672 948; x_wconf 85' lang='lat' dir='ltr'>Albigenfium</span> <span class='ocrx_word' id='word_1_72' title='bbox 712 873 831 926; x_wconf 89' lang='lat' dir='ltr'>Petri</span> <span class='ocrx_word' id='word_1_73' title='bbox 857 873 1105 925; x_wconf 86' lang='lat' dir='ltr'>Larnenfis</span> <span class='ocrx_word' id='word_1_74' title='bbox 1132 892 1163 923; x_wconf 86' lang='lat' dir='ltr'>c.</span> <span class='ocrx_word' id='word_1_75' title='bbox 1185 892 1232 934; x_wconf 89' lang='lat'>7.</span> <span class='ocrx_word' id='word_1_76' title='bbox 1268 872 1490 943; x_wconf 85' lang='lat' dir='ltr'>quamvis</span> <span class='ocrx_word' id='word_1_77' title='bbox 1516 871 1566 923; x_wconf 86' lang='lat' dir='ltr'>in</span> <span class='ocrx_word' id='word_1_78' title='bbox 1593 876 1730 927; x_wconf 86' lang='lat' dir='ltr'>novis</span> <span class='ocrx_word' id='word_1_79' title='bbox 1761 875 1859 928; x_wconf 89' lang='lat' dir='ltr'>edi-</span> 
     </span>
     <span class='ocr_line' id='line_1_11' title="bbox 109 948 1859 1021; baseline 0.001 -18"><span class='ocrx_word' id='word_1_80' title='bbox 109 950 329 1005; x_wconf 79' lang='lat' dir='ltr'>tionibus</span> <span class='ocrx_word' id='word_1_81' title='bbox 355 950 514 1000; x_wconf 86' lang='lat' dir='ltr'>abrasa</span> <span class='ocrx_word' id='word_1_82' title='bbox 546 951 612 1000; x_wconf 89' lang='lat' dir='ltr'>fit.</span> <span class='ocrx_word' id='word_1_83' title='bbox 711 949 946 1021; x_wconf 57' lang='lat' dir='ltr'>Idemque</span> <span class='ocrx_word' id='word_1_84' title='bbox 977 949 1266 1020; x_wconf 87' lang='lat' dir='ltr'>Justinianus</span> <span class='ocrx_word' id='word_1_85' title='bbox 1304 948 1633 1020; x_wconf 75' lang='lat' dir='ltr'>expulsionem</span> <span class='ocrx_word' id='word_1_86' title='bbox 1657 955 1859 1006; x_wconf 86' lang='lat' dir='ltr'>Mauro-</span> 
     </span>
     <span class='ocr_line' id='line_1_12' title="bbox 105 1023 1860 1099; baseline 0.002 -22"><span class='ocrx_word' id='word_1_87' title='bbox 105 1045 218 1077; x_wconf 79' lang='lat' dir='ltr'>rum</span> <span class='ocrx_word' id='word_1_88' title='bbox 241 1023 302 1077; x_wconf 90' lang='lat' dir='ltr'>ab</span> <span class='ocrx_word' id='word_1_89' title='bbox 325 1024 579 1096; x_wconf 82' lang='lat' dir='ltr'>Hispania,</span> <span class='ocrx_word' id='word_1_90' title='bbox 618 1028 670 1076; x_wconf 85' lang='lat'>&amp;</span> <span class='ocrx_word' id='word_1_91' title='bbox 693 1026 1113 1098; x_wconf 78' lang='lat' dir='ltr'>oppugnationem</span> <span class='ocrx_word' id='word_1_92' title='bbox 1137 1025 1291 1099; x_wconf 81' lang='lat' dir='ltr'>Regni</span> <span class='ocrx_word' id='word_1_93' title='bbox 1323 1026 1622 1078; x_wconf 81' lang='lat' dir='ltr'>Granatenfis</span> <span class='ocrx_word' id='word_1_94' title='bbox 1646 1029 1860 1081; x_wconf 81' lang='lat' dir='ltr'>attribuit</span> 
     </span>
     <span class='ocr_line' id='line_1_13' title="bbox 104 1101 1859 1177; baseline 0.001 -23"><span class='ocrx_word' id='word_1_95' title='bbox 104 1101 374 1155; x_wconf 85' lang='lat' dir='ltr'>Devotioni</span> <span class='ocrx_word' id='word_1_96' title='bbox 390 1142 402 1159; x_wconf 92' lang='lat'>,</span> <span class='ocrx_word' id='word_1_97' title='bbox 439 1104 493 1154; x_wconf 86' lang='lat'>&amp;</span> <span class='ocrx_word' id='word_1_98' title='bbox 515 1119 637 1154; x_wconf 89' lang='lat' dir='ltr'>voto</span> <span class='ocrx_word' id='word_1_99' title='bbox 659 1102 800 1175; x_wconf 86' lang='lat' dir='ltr'>Regis</span> <span class='ocrx_word' id='word_1_100' title='bbox 825 1101 1098 1161; x_wconf 82' lang='lat' dir='ltr'>Catholici,</span> <span class='ocrx_word' id='word_1_101' title='bbox 1126 1101 1210 1174; x_wconf 88' lang='lat' dir='ltr'>qui</span> <span class='ocrx_word' id='word_1_102' title='bbox 1235 1101 1505 1177; x_wconf 70' lang='lat' dir='ltr'>expugnata</span> <span class='ocrx_word' id='word_1_103' title='bbox 1539 1103 1746 1156; x_wconf 77' lang='lat' dir='ltr'>Granata</span> <span class='ocrx_word' id='word_1_104' title='bbox 1769 1107 1859 1175; x_wconf 86' lang='lat' dir='ltr'>pri-</span> 
     </span>
     <span class='ocr_line' id='line_1_14' title="bbox 105 1177 1860 1253; baseline 0.003 -23"><span class='ocrx_word' id='word_1_105' title='bbox 105 1178 318 1230; x_wconf 88' lang='lat' dir='ltr'>marium</span> <span class='ocrx_word' id='word_1_106' title='bbox 342 1177 608 1249; x_wconf 89' lang='lat' dir='ltr'>Templum</span> <span class='ocrx_word' id='word_1_107' title='bbox 632 1178 799 1236; x_wconf 81' lang='lat' dir='ltr'>erexit,</span> <span class='ocrx_word' id='word_1_108' title='bbox 824 1178 1159 1251; x_wconf 65' lang='lat' dir='ltr'>dedicavitque</span> <span class='ocrx_word' id='word_1_109' title='bbox 1183 1179 1368 1253; x_wconf 79' lang='lat' dir='ltr'>Virgini</span> <span class='ocrx_word' id='word_1_110' title='bbox 1391 1179 1711 1234; x_wconf 77' lang='lat' dir='ltr'>Immaculate</span> <span class='ocrx_word' id='word_1_111' title='bbox 1726 1186 1860 1234; x_wconf 88' lang='lat' dir='ltr'>Con-</span> 
     </span>
     <span class='ocr_line' id='line_1_15' title="bbox 105 1273 1048 1326; baseline 0.002 -19"><span class='ocrx_word' id='word_1_112' title='bbox 105 1273 265 1326; x_wconf 87' lang='lat' dir='ltr'>ceptae.</span> <span class='ocrx_word' id='word_1_113' title='bbox 1046 1286 1048 1289; x_wconf 93' lang='lat'>·</span> 
     </span>
    </p>

    <p class='ocr_par' dir='ltr' id='par_1_4' title="bbox 100 1327 1863 1787">
     <span class='ocr_line' id='line_1_16' title="bbox 220 1327 1861 1407; baseline 0.005 -24"><span class='ocrx_word' id='word_1_114' title='bbox 220 1336 275 1383; x_wconf 90' lang='lat' dir='ltr'>V.</span> <span class='ocrx_word' id='word_1_115' title='bbox 354 1331 546 1382; x_wconf 80' lang='lat' dir='ltr'>Decimo</span> <span class='ocrx_word' id='word_1_116' title='bbox 567 1327 706 1381; x_wconf 75' lang='lat' dir='ltr'>tertio.</span> <span class='ocrx_word' id='word_1_117' title='bbox 798 1334 854 1382; x_wconf 85' lang='lat' dir='ltr'>In</span> <span class='ocrx_word' id='word_1_118' title='bbox 880 1330 1119 1384; x_wconf 81' lang='lat' dir='ltr'>Breviario</span> <span class='ocrx_word' id='word_1_119' title='bbox 1148 1334 1578 1407; x_wconf 77' lang='lat' dir='ltr'>pe1·antiquo‚quo</span> <span class='ocrx_word' id='word_1_120' title='bbox 1602 1336 1861 1391; x_wconf 84' lang='lat' dir='ltr'>utebantur</span> 
     </span>
     <span class='ocr_line' id='line_1_17' title="bbox 102 1406 1861 1486; baseline 0 -25"><span class='ocrx_word' id='word_1_121' title='bbox 102 1412 256 1461; x_wconf 87' lang='lat' dir='ltr'>Patres</span> <span class='ocrx_word' id='word_1_122' title='bbox 280 1406 612 1464; x_wconf 75' lang='lat' dir='ltr'>Dominicani‚</span> <span class='ocrx_word' id='word_1_123' title='bbox 626 1406 861 1480; x_wconf 68' lang='lat' dir='ltr'>quodc&#39;lue</span> <span class='ocrx_word' id='word_1_124' title='bbox 885 1406 1136 1460; x_wconf 82' lang='lat' dir='ltr'>affervatur</span> <span class='ocrx_word' id='word_1_125' title='bbox 1160 1408 1210 1460; x_wconf 88' lang='lat' dir='ltr'>in</span> <span class='ocrx_word' id='word_1_126' title='bbox 1232 1408 1533 1462; x_wconf 79' lang='lat' dir='ltr'>Bibliotheca</span> <span class='ocrx_word' id='word_1_127' title='bbox 1554 1413 1704 1486; x_wconf 87' lang='lat' dir='ltr'>Regia</span> <span class='ocrx_word' id='word_1_128' title='bbox 1720 1417 1861 1466; x_wconf 77' lang='lat' dir='ltr'>Escu-</span> 
     </span>
     <span class='ocr_line' id='line_1_18' title="bbox 101 1482 1861 1555; baseline 0.005 -21"><span class='ocrx_word' id='word_1_129' title='bbox 101 1483 250 1541; x_wconf 87' lang='lat' dir='ltr'>rialis,</span> <span class='ocrx_word' id='word_1_130' title='bbox 277 1483 498 1535; x_wconf 88' lang='lat' dir='ltr'>recitatur</span> <span class='ocrx_word' id='word_1_131' title='bbox 527 1482 722 1536; x_wconf 85' lang='lat' dir='ltr'>historia</span> <span class='ocrx_word' id='word_1_132' title='bbox 745 1484 848 1542; x_wconf 85' lang='lat' dir='ltr'>illa,</span> <span class='ocrx_word' id='word_1_133' title='bbox 873 1505 1004 1555; x_wconf 84' lang='lat' dir='ltr'>quae,</span> <span class='ocrx_word' id='word_1_134' title='bbox 1029 1503 1083 1536; x_wconf 92' lang='lat' dir='ltr'>ut</span> <span class='ocrx_word' id='word_1_135' title='bbox 1106 1484 1218 1536; x_wconf 88' lang='lat' dir='ltr'>alibi</span> <span class='ocrx_word' id='word_1_136' title='bbox 1242 1485 1452 1544; x_wconf 83' lang='lat' dir='ltr'>dicetur,</span> <span class='ocrx_word' id='word_1_137' title='bbox 1491 1490 1681 1541; x_wconf 77' lang='lat' dir='ltr'>occasio</span> <span class='ocrx_word' id='word_1_138' title='bbox 1704 1489 1792 1542; x_wconf 87' lang='lat' dir='ltr'>fuit</span> <span class='ocrx_word' id='word_1_139' title='bbox 1818 1495 1861 1543; x_wconf 85' lang='lat' dir='ltr'>S.</span> 
     </span>
     <span class='ocr_line' id='line_1_19' title="bbox 101 1559 1863 1636; baseline 0.003 -23"><span class='ocrx_word' id='word_1_140' title='bbox 101 1559 335 1613; x_wconf 90' lang='lat' dir='ltr'>Anselmo</span> <span class='ocrx_word' id='word_1_141' title='bbox 359 1559 590 1613; x_wconf 85' lang='lat' dir='ltr'>scribendi</span> <span class='ocrx_word' id='word_1_142' title='bbox 613 1580 700 1630; x_wconf 90' lang='lat' dir='ltr'>pro</span> <span class='ocrx_word' id='word_1_143' title='bbox 723 1561 1044 1613; x_wconf 83' lang='lat' dir='ltr'>Immaculata</span> <span class='ocrx_word' id='word_1_144' title='bbox 1067 1561 1403 1632; x_wconf 86' lang='lat' dir='ltr'>Conceptione</span> <span class='ocrx_word' id='word_1_145' title='bbox 1419 1602 1431 1620; x_wconf 92' lang='lat'>,</span> <span class='ocrx_word' id='word_1_146' title='bbox 1450 1563 1644 1636; x_wconf 67' lang='lat' dir='ltr'>ejusque</span> <span class='ocrx_word' id='word_1_147' title='bbox 1669 1568 1863 1620; x_wconf 87' lang='lat' dir='ltr'>Festum</span> 
     </span>
     <span class='ocr_line' id='line_1_20' title="bbox 102 1636 1863 1715; baseline 0.003 -26"><span class='ocrx_word' id='word_1_148' title='bbox 102 1636 400 1695; x_wconf 85' lang='lat' dir='ltr'>celebrandi,</span> <span class='ocrx_word' id='word_1_149' title='bbox 424 1655 479 1689; x_wconf 92' lang='lat' dir='ltr'>ut</span> <span class='ocrx_word' id='word_1_150' title='bbox 504 1638 697 1689; x_wconf 86' lang='lat' dir='ltr'>testatur</span> <span class='ocrx_word' id='word_1_151' title='bbox 718 1642 772 1690; x_wconf 92' lang='lat' dir='ltr'>N</span> <span class='ocrx_word' id='word_1_152' title='bbox 775 1637 1094 1711; x_wconf 86' lang='lat' dir='ltr'>ierenbergius</span> <span class='ocrx_word' id='word_1_153' title='bbox 1117 1640 1166 1690; x_wconf 78' lang='lat' dir='ltr'>in</span> <span class='ocrx_word' id='word_1_154' title='bbox 1180 1637 1532 1711; x_wconf 61' lang='lat' dir='ltr'>Excepeiom&#39;bbts</span> <span class='ocrx_word' id='word_1_155' title='bbox 1546 1642 1733 1715; x_wconf 63' lang='lat' dir='ltr'>Concilq‘</span> <span class='ocrx_word' id='word_1_156' title='bbox 1751 1645 1863 1715; x_wconf 51' lang='lat'>‘171&#39;-¹</span> 
     </span>
     <span class='ocr_line' id='line_1_21' title="bbox 100 1711 1253 1787; baseline 0.003 -23"><span class='ocrx_word' id='word_1_157' title='bbox 100 1711 217 1765; x_wconf 80' lang='lat' dir='ltr'>dent.</span> <span class='ocrx_word' id='word_1_158' title='bbox 226 1714 276 1787; x_wconf 80' lang='lat' dir='ltr'><em>f</em></span> <span class='ocrx_word' id='word_1_159' title='bbox 290 1733 396 1779; x_wconf 78' lang='lat'><em>199.</em></span> <span class='ocrx_word' id='word_1_160' title='bbox 1230 1730 1253 1774; x_wconf 78' lang='grc'>,·</span> 
     </span>
    </p>

    <p class='ocr_par' dir='ltr' id='par_1_5' title="bbox 25 1787 1861 2326">
     <span class='ocr_line' id='line_1_22' title="bbox 216 1787 1861 1865; baseline 0.005 -24"><span class='ocrx_word' id='word_1_161' title='bbox 216 1791 408 1842; x_wconf 75' lang='lat' dir='ltr'>Decimo</span> <span class='ocrx_word' id='word_1_162' title='bbox 423 1787 603 1865; x_wconf 74' lang='lat' dir='ltr'>quarto.</span> <span class='ocrx_word' id='word_1_163' title='bbox 691 1793 839 1843; x_wconf 90' lang='lat' dir='ltr'>Anno</span> <span class='ocrx_word' id='word_1_164' title='bbox 882 1806 1020 1844; x_wconf 81' lang='lat'>1618.</span> <span class='ocrx_word' id='word_1_165' title='bbox 1055 1789 1131 1844; x_wconf 92' lang='lat' dir='ltr'>die</span> <span class='ocrx_word' id='word_1_166' title='bbox 1164 1813 1233 1854; x_wconf 84' lang='lat'>14.</span> <span class='ocrx_word' id='word_1_167' title='bbox 1257 1794 1384 1865; x_wconf 81' lang='lat' dir='ltr'>Junij</span> <span class='ocrx_word' id='word_1_168' title='bbox 1410 1833 1421 1850; x_wconf 93' lang='lat'>,</span> <span class='ocrx_word' id='word_1_169' title='bbox 1465 1795 1772 1849; x_wconf 85' lang='lat' dir='ltr'>Provincialis</span> <span class='ocrx_word' id='word_1_170' title='bbox 1805 1801 1861 1850; x_wconf 84' lang='lat'>&amp;</span> 
     </span>
     <span class='ocr_line' id='line_1_23' title="bbox 97 1867 1861 1941; baseline 0.003 -21"><span class='ocrx_word' id='word_1_171' title='bbox 97 1868 320 1941; x_wconf 83' lang='lat' dir='ltr'>Magistri</span> <span class='ocrx_word' id='word_1_172' title='bbox 354 1867 613 1921; x_wconf 66' lang='lat' dir='ltr'>Provinciae</span> <span class='ocrx_word' id='word_1_173' title='bbox 648 1868 885 1939; x_wconf 78' lang='lat' dir='ltr'>Hispaniae</span> <span class='ocrx_word' id='word_1_174' title='bbox 909 1910 919 1926; x_wconf 93' lang='lat'><strong>‚</strong></span> <span class='ocrx_word' id='word_1_175' title='bbox 958 1869 1157 1921; x_wconf 86' lang='lat' dir='ltr'>Madriti</span> <span class='ocrx_word' id='word_1_176' title='bbox 1192 1871 1242 1921; x_wconf 88' lang='lat' dir='ltr'>in</span> <span class='ocrx_word' id='word_1_177' title='bbox 1277 1874 1543 1923; x_wconf 85' lang='lat' dir='ltr'>Conventu</span> <span class='ocrx_word' id='word_1_178' title='bbox 1575 1873 1861 1926; x_wconf 82' lang='lat' dir='ltr'>Provinciali</span> 
     </span>
     <span class='ocr_line' id='line_1_24' title="bbox 101 1944 1861 2022; baseline 0.003 -25"><span class='ocrx_word' id='word_1_179' title='bbox 101 1944 411 2018; x_wconf 80' lang='lat' dir='ltr'>congregati,</span> <span class='ocrx_word' id='word_1_180' title='bbox 434 1944 583 1997; x_wconf 85' lang='lat' dir='ltr'>Paulo</span> <span class='ocrx_word' id='word_1_181' title='bbox 608 1949 666 1997; x_wconf 91' lang='lat' dir='ltr'>V.</span> <span class='ocrx_word' id='word_1_182' title='bbox 689 1945 910 1998; x_wconf 82' lang='lat' dir='ltr'>Pontifici</span> <span class='ocrx_word' id='word_1_183' title='bbox 936 1946 1161 1998; x_wconf 86' lang='lat' dir='ltr'>Maximo</span> <span class='ocrx_word' id='word_1_184' title='bbox 1185 1946 1446 2018; x_wconf 85' lang='lat' dir='ltr'>supplicant</span> <span class='ocrx_word' id='word_1_185' title='bbox 1468 1988 1480 2006; x_wconf 87' lang='lat'>,</span> <span class='ocrx_word' id='word_1_186' title='bbox 1507 1948 1728 2022; x_wconf 82' lang='lat' dir='ltr'>dignetur</span> <span class='ocrx_word' id='word_1_187' title='bbox 1754 1950 1861 2021; x_wconf 79' lang='lat' dir='ltr'>ipsis</span> 
     </span>
     <span class='ocr_line' id='line_1_25' title="bbox 97 2020 1860 2102; baseline 0.003 -30"><span class='ocrx_word' id='word_1_188' title='bbox 97 2021 330 2092; x_wconf 83' lang='lat' dir='ltr'>imperare</span> <span class='ocrx_word' id='word_1_189' title='bbox 353 2023 686 2073; x_wconf 73' lang='lat' dir='ltr'>Recz&#39;tasionem</span> <span class='ocrx_word' id='word_1_190' title='bbox 710 2021 858 2100; x_wconf 58' lang='lat' dir='ltr'>Offieq</span> <span class='ocrx_word' id='word_1_191' title='bbox 895 2020 950 2085; x_wconf 54' lang='grc' dir='ltr'>ἐξ</span> <span class='ocrx_word' id='word_1_192' title='bbox 970 2021 1305 2075; x_wconf 75' lang='lat' dir='ltr'>celebrationem</span> <span class='ocrx_word' id='word_1_193' title='bbox 1330 2025 1440 2098; x_wconf 65' lang='lat' dir='ltr'><em>Festa·</em></span> <span class='ocrx_word' id='word_1_194' title='bbox 1464 2024 1712 2102; x_wconf 69' lang='lat' dir='ltr'>Purfflmae</span> <span class='ocrx_word' id='word_1_195' title='bbox 1740 2030 1860 2086; x_wconf 63' lang='grc' dir='ltr'>(ἰοπ-Ι</span> 
     </span>
     <span class='ocr_line' id='line_1_26' title="bbox 25 2095 1860 2178; baseline 0.004 -32"><span class='ocrx_word' id='word_1_196' title='bbox 25 2139 30 2146; x_wconf 94' lang='grc'>.</span> <span class='ocrx_word' id='word_1_197' title='bbox 99 2100 307 2170; x_wconf 58' lang='lat' dir='ltr'>ceptione}</span> <span class='ocrx_word' id='word_1_198' title='bbox 329 2099 528 2150; x_wconf 54' lang='lat' dir='ltr'>Matr&amp;</span> <span class='ocrx_word' id='word_1_199' title='bbox 549 2100 690 2151; x_wconf 85' lang='lat' dir='ltr'><em>DEI.</em></span> <span class='ocrx_word' id='word_1_200' title='bbox 763 2100 962 2152; x_wconf 73' lang='lat' dir='ltr'>initium</span> <span class='ocrx_word' id='word_1_201' title='bbox 987 2100 1207 2172; x_wconf 82' lang='lat' dir='ltr'>Epistolae</span> <span class='ocrx_word' id='word_1_202' title='bbox 1233 2102 1299 2153; x_wconf 90' lang='lat' dir='ltr'>est</span> <span class='ocrx_word' id='word_1_203' title='bbox 1322 2126 1331 2152; x_wconf 73' lang='grc' dir='ltr'>ε</span> <span class='ocrx_word' id='word_1_204' title='bbox 1367 2095 1502 2178; x_wconf 65' lang='lat' dir='ltr'>Juſjia</span> <span class='ocrx_word' id='word_1_205' title='bbox 1519 2106 1666 2153; x_wconf 68' lang='lat' dir='ltr'>-Sacrae</span> <span class='ocrx_word' id='word_1_206' title='bbox 1689 2101 1860 2156; x_wconf 72' lang='lat' dir='ltr'>Catho-</span> 
     </span>
     <span class='ocr_line' id='line_1_27' title="bbox 95 2173 1852 2255; baseline 0.005 -29"><span class='ocrx_word' id='word_1_207' title='bbox 95 2173 182 2226; x_wconf 72' lang='lat' dir='ltr'>licae</span> <span class='ocrx_word' id='word_1_208' title='bbox 207 2175 482 2250; x_wconf 65' lang='lat' dir='ltr'>Majcstato&#39;s</span> <span class='ocrx_word' id='word_1_209' title='bbox 504 2173 593 2238; x_wconf 65' lang='lat' dir='ltr'>&amp;a</span> <span class='ocrx_word' id='word_1_210' title='bbox 708 2182 766 2230; x_wconf 84' lang='lat' dir='ltr'>Et</span> <span class='ocrx_word' id='word_1_211' title='bbox 792 2195 894 2230; x_wconf 90' lang='lat' dir='ltr'>tota</span> <span class='ocrx_word' id='word_1_212' title='bbox 925 2177 1070 2231; x_wconf 88' lang='lat' dir='ltr'>videri</span> <span class='ocrx_word' id='word_1_213' title='bbox 1092 2179 1246 2250; x_wconf 90' lang='lat' dir='ltr'>potest</span> <span class='ocrx_word' id='word_1_214' title='bbox 1277 2179 1405 2250; x_wconf 89' lang='lat' dir='ltr'>apud</span> <span class='ocrx_word' id='word_1_215' title='bbox 1440 2184 1495 2232; x_wconf 93' lang='lat' dir='ltr'>N</span> <span class='ocrx_word' id='word_1_216' title='bbox 1498 2179 1852 2255; x_wconf 80' lang='lat' dir='ltr'>ierenbergium</span> 
     </span>
     <span class='ocr_line' id='line_1_28' title="bbox 98 2252 1493 2326; baseline 0.003 -23"><span class='ocrx_word' id='word_1_217' title='bbox 98 2252 228 2326; x_wconf 76' lang='lat' dir='ltr'>cit.f</span> <span class='ocrx_word' id='word_1_218' title='bbox 247 2273 333 2303; x_wconf 82' lang='lat' dir='ltr'><em>2II.</em></span> <span class='ocrx_word' id='word_1_219' title='bbox 376 2300 377 2303; x_wconf 75' lang='grc'>,</span> <span class='ocrx_word' id='word_1_220' title='bbox 397 2290 400 2291; x_wconf 26' lang='lat'><em>⁷</em></span> <span class='ocrx_word' id='word_1_221' title='bbox 476 2273 481 2311; x_wconf 82' lang='grc'>;</span> <span class='ocrx_word' id='word_1_222' title='bbox 1490 2318 1493 2319; x_wconf 11' lang='lat'><em>7</em></span> 
     </span>
    </p>

    <p class='ocr_par' dir='ltr' id='par_1_6' title="bbox 98 2329 1855 2637">
     <span class='ocr_line' id='line_1_29' title="bbox 210 2329 1855 2409; baseline 0.004 -28"><span class='ocrx_word' id='word_1_223' title='bbox 210 2331 402 2382; x_wconf 79' lang='lat' dir='ltr'>Decimo</span> <span class='ocrx_word' id='word_1_224' title='bbox 438 2329 609 2405; x_wconf 76' lang='lat' dir='ltr'>quinto.</span> <span class='ocrx_word' id='word_1_225' title='bbox 704 2330 978 2384; x_wconf 86' lang='lat' dir='ltr'>Armandus</span> <span class='ocrx_word' id='word_1_226' title='bbox 1004 2332 1063 2385; x_wconf 91' lang='lat' dir='ltr'>de</span> <span class='ocrx_word' id='word_1_227' title='bbox 1093 2333 1329 2386; x_wconf 86' lang='lat' dir='ltr'>Belloviso</span> <span class='ocrx_word' id='word_1_228' title='bbox 1355 2335 1586 2408; x_wconf 82' lang='lat' dir='ltr'>Magister</span> <span class='ocrx_word' id='word_1_229' title='bbox 1613 2340 1654 2388; x_wconf 91' lang='lat' dir='ltr'>S.</span> <span class='ocrx_word' id='word_1_230' title='bbox 1687 2334 1855 2409; x_wconf 75' lang='lat' dir='ltr'>Palatij.</span> 
     </span>
     <span class='ocr_line' id='line_1_30' title="bbox 98 2406 1850 2487; baseline 0.002 -27"><span class='ocrx_word' id='word_1_231' title='bbox 98 2406 379 2460; x_wconf 84' lang='lat' dir='ltr'>Collatione</span> <span class='ocrx_word' id='word_1_232' title='bbox 402 2406 598 2480; x_wconf 74' lang='lat' dir='ltr'>quarta:</span> <span class='ocrx_word' id='word_1_233' title='bbox 636 2412 822 2484; x_wconf 75' lang='lat' dir='ltr'>Surgere</span> <span class='ocrx_word' id='word_1_234' title='bbox 846 2430 935 2462; x_wconf 79' lang='lat' dir='ltr'>non</span> <span class='ocrx_word' id='word_1_235' title='bbox 957 2411 1009 2484; x_wconf 79' lang='lat' dir='ltr'>est</span> <span class='ocrx_word' id='word_1_236' title='bbox 1028 2413 1078 2462; x_wconf 80' lang='lat' dir='ltr'>ni</span> <span class='ocrx_word' id='word_1_237' title='bbox 1092 2431 1109 2462; x_wconf 84' lang='grc' dir='ltr'><em>ι</em></span> <span class='ocrx_word' id='word_1_238' title='bbox 1140 2410 1339 2463; x_wconf 59' lang='lat' dir='ltr'>cadentis</span> <span class='ocrx_word' id='word_1_239' title='bbox 1363 2446 1377 2468; x_wconf 74' lang='lat'><strong><em>&gt;</em></strong></span> <span class='ocrx_word' id='word_1_240' title='bbox 1416 2409 1472 2473; x_wconf 56' lang='grc' dir='ltr'>Εἴ</span> <span class='ocrx_word' id='word_1_241' title='bbox 1487 2414 1601 2486; x_wconf 74' lang='lat' dir='ltr'>qma</span> <span class='ocrx_word' id='word_1_242' title='bbox 1623 2414 1679 2463; x_wconf 86' lang='lat' dir='ltr'>B.</span> <span class='ocrx_word' id='word_1_243' title='bbox 1706 2414 1850 2487; x_wconf 67' lang='lat' dir='ltr'>Virgo</span> 
     </span>
     <span class='ocr_line' id='line_1_31' title="bbox 101 2485 1849 2561; baseline 0.003 -26"><span class='ocrx_word' id='word_1_244' title='bbox 101 2485 153 2535; x_wconf 83' lang='lat' dir='ltr'>in</span> <span class='ocrx_word' id='word_1_245' title='bbox 168 2499 407 2557; x_wconf 73' lang='lat' dir='ltr'>peccatum</span> <span class='ocrx_word' id='word_1_246' title='bbox 433 2485 669 2559; x_wconf 70' lang='lat' dir='ltr'>Orzginale</span> <span class='ocrx_word' id='word_1_247' title='bbox 689 2490 918 2539; x_wconf 77' lang='lat' dir='ltr'>veraciter</span> <span class='ocrx_word' id='word_1_248' title='bbox 949 2487 1173 2559; x_wconf 69' lang='lat' dir='ltr'><em>cecidiffit,</em></span> <span class='ocrx_word' id='word_1_249' title='bbox 1190 2488 1655 2561; x_wconf 62' lang='lat' dir='ltr'>nssprcefi’rvaretur,</span> <span class='ocrx_word' id='word_1_250' title='bbox 1674 2487 1730 2551; x_wconf 57' lang='grc' dir='ltr'>εἴ</span> <span class='ocrx_word' id='word_1_251' title='bbox 1752 2510 1849 2541; x_wconf 70' lang='lat' dir='ltr'>om«</span> 
     </span>
     <span class='ocr_line' id='line_1_32' title="bbox 99 2561 1775 2637; baseline 0.002 -24"><span class='ocrx_word' id='word_1_252' title='bbox 99 2562 150 2614; x_wconf 77' lang='lat' dir='ltr'>ni</span> <span class='ocrx_word' id='word_1_253' title='bbox 178 2561 630 2637; x_wconf 70' lang='lat' dir='ltr'>Privilegioſsclotso5</span> <span class='ocrx_word' id='word_1_254' title='bbox 657 2563 753 2616; x_wconf 81' lang='lat' dir='ltr'>ideo</span> <span class='ocrx_word' id='word_1_255' title='bbox 773 2564 967 2616; x_wconf 66' lang='lat' dir='ltr'>dicitnr:</span> <span class='ocrx_word' id='word_1_256' title='bbox 1001 2567 1192 2616; x_wconf 81' lang='lat' dir='ltr'>Surrexi</span> <span class='ocrx_word' id='word_1_257' title='bbox 1205 2601 1219 2621; x_wconf 85' lang='grc'>,</span> <span class='ocrx_word' id='word_1_258' title='bbox 1245 2563 1301 2627; x_wconf 56' lang='grc' dir='ltr'>Εἴ</span> <span class='ocrx_word' id='word_1_259' title='bbox 1321 2563 1598 2637; x_wconf 51' lang='lat' dir='ltr'>adhaesum</span> <span class='ocrx_word' id='word_1_260' title='bbox 1618 2581 1775 2618; x_wconf 73' lang='lat' dir='ltr'>tecum.</span> 
     </span>
    </p>

    <p class='ocr_par' dir='ltr' id='par_1_7' title="bbox 97 2637 1850 3027">
     <span class='ocr_line' id='line_1_33' title="bbox 212 2637 1848 2714; baseline 0.004 -24"><span class='ocrx_word' id='word_1_261' title='bbox 212 2640 404 2691; x_wconf 79' lang='lat' dir='ltr'>Decimo</span> <span class='ocrx_word' id='word_1_262' title='bbox 408 2637 554 2712; x_wconf 75' lang='lat' dir='ltr'>ſsxto.</span> <span class='ocrx_word' id='word_1_263' title='bbox 628 2646 767 2695; x_wconf 79' lang='lat' dir='ltr'>Extat</span> <span class='ocrx_word' id='word_1_264' title='bbox 803 2647 1066 2694; x_wconf 85' lang='lat' dir='ltr'>Decretum</span> <span class='ocrx_word' id='word_1_265' title='bbox 1096 2642 1310 2714; x_wconf 87' lang='lat' dir='ltr'>Capituli</span> <span class='ocrx_word' id='word_1_266' title='bbox 1337 2642 1642 2696; x_wconf 80' lang='lat' dir='ltr'>Provincialis</span> <span class='ocrx_word' id='word_1_267' title='bbox 1675 2643 1723 2694; x_wconf 90' lang='lat' dir='ltr'>in</span> <span class='ocrx_word' id='word_1_268' title='bbox 1750 2647 1848 2696; x_wconf 63' lang='grc' dir='ltr'>Εκ-</span> 
     </span>
     <span class='ocr_line' id='line_1_34' title="bbox 98 2713 1849 2793; baseline 0.004 -26"><span class='ocrx_word' id='word_1_269' title='bbox 98 2713 217 2773; x_wconf 81' lang='lat' dir='ltr'>tica,</span> <span class='ocrx_word' id='word_1_270' title='bbox 251 2715 328 2767; x_wconf 90' lang='lat' dir='ltr'>cui</span> <span class='ocrx_word' id='word_1_271' title='bbox 350 2717 532 2786; x_wconf 75' lang='lat' dir='ltr'>praefuit</span> <span class='ocrx_word' id='word_1_272' title='bbox 563 2717 785 2772; x_wconf 88' lang='lat' dir='ltr'>Albertus</span> <span class='ocrx_word' id='word_1_273' title='bbox 812 2720 871 2771; x_wconf 91' lang='lat' dir='ltr'>de</span> <span class='ocrx_word' id='word_1_274' title='bbox 895 2719 960 2771; x_wconf 85' lang='lat' dir='ltr'>las</span> <span class='ocrx_word' id='word_1_275' title='bbox 983 2720 1134 2772; x_wconf 84' lang='lat' dir='ltr'>Caesas</span> <span class='ocrx_word' id='word_1_276' title='bbox 1150 2761 1161 2778; x_wconf 87' lang='lat'>‚</span> <span class='ocrx_word' id='word_1_277' title='bbox 1178 2718 1341 2790; x_wconf 78' lang='lat' dir='ltr'>postea</span> <span class='ocrx_word' id='word_1_278' title='bbox 1357 2720 1589 2793; x_wconf 82' lang='lat' dir='ltr'>Magister</span> <span class='ocrx_word' id='word_1_279' title='bbox 1605 2721 1849 2775; x_wconf 83' lang='lat' dir='ltr'>Generalis</span> 
     </span>
     <span class='ocr_line' id='line_1_35' title="bbox 98 2791 1848 2870; baseline 0.003 -25"><span class='ocrx_word' id='word_1_280' title='bbox 98 2791 246 2845; x_wconf 89' lang='lat' dir='ltr'>totius</span> <span class='ocrx_word' id='word_1_281' title='bbox 271 2792 465 2846; x_wconf 84' lang='lat' dir='ltr'>Ordinis</span> <span class='ocrx_word' id='word_1_282' title='bbox 477 2835 488 2852; x_wconf 91' lang='lat'><em>‚</em></span> <span class='ocrx_word' id='word_1_283' title='bbox 517 2793 566 2846; x_wconf 91' lang='lat' dir='ltr'>in</span> <span class='ocrx_word' id='word_1_284' title='bbox 583 2796 796 2855; x_wconf 84' lang='lat' dir='ltr'>manuali</span> <span class='ocrx_word' id='word_1_285' title='bbox 818 2802 1012 2849; x_wconf 85' lang='lat' dir='ltr'>Patrum</span> <span class='ocrx_word' id='word_1_286' title='bbox 1022 2797 1392 2849; x_wconf 80' lang='lat' dir='ltr'>Praedicatorum</span> <span class='ocrx_word' id='word_1_287' title='bbox 1409 2838 1420 2855; x_wconf 84' lang='lat'>,</span> <span class='ocrx_word' id='word_1_288' title='bbox 1437 2797 1704 2868; x_wconf 80' lang='lat' dir='ltr'>&amp;Hispalis</span> <span class='ocrx_word' id='word_1_289' title='bbox 1724 2799 1848 2870; x_wconf 73' lang='lat' dir='ltr'>typis</span> 
     </span>
     <span class='ocr_line' id='line_1_36' title="bbox 98 2868 1850 2950; baseline 0.004 -30"><span class='ocrx_word' id='word_1_290' title='bbox 98 2868 314 2943; x_wconf 83' lang='lat' dir='ltr'>vulgato,</span> <span class='ocrx_word' id='word_1_291' title='bbox 329 2872 475 2922; x_wconf 86' lang='lat' dir='ltr'>Anno</span> <span class='ocrx_word' id='word_1_292' title='bbox 507 2888 644 2933; x_wconf 84' lang='lat'>1524.</span> <span class='ocrx_word' id='word_1_293' title='bbox 670 2877 822 2945; x_wconf 76' lang='lat' dir='ltr'>Cujus</span> <span class='ocrx_word' id='word_1_294' title='bbox 844 2873 1033 2926; x_wconf 87' lang='lat' dir='ltr'>Decreti</span> <span class='ocrx_word' id='word_1_295' title='bbox 1057 2873 1159 2927; x_wconf 81' lang='lat' dir='ltr'>haec</span> <span class='ocrx_word' id='word_1_296' title='bbox 1189 2875 1295 2926; x_wconf 85' lang='lat' dir='ltr'>sunt</span> <span class='ocrx_word' id='word_1_297' title='bbox 1326 2873 1484 2926; x_wconf 87' lang='lat' dir='ltr'>Verba</span> <span class='ocrx_word' id='word_1_298' title='bbox 1511 2897 1519 2924; x_wconf 92' lang='lat'>:</span> <span class='ocrx_word' id='word_1_299' title='bbox 1557 2874 1690 2950; x_wconf 75' lang='lat' dir='ltr'>Qia</span> <span class='ocrx_word' id='word_1_300' title='bbox 1718 2874 1850 2927; x_wconf 74' lang='lat' dir='ltr'>Ordo</span> 
     </span>
     <span class='ocr_line' id='line_1_37' title="bbox 97 2943 1848 3027; baseline 0.003 -30"><span class='ocrx_word' id='word_1_301' title='bbox 97 2943 682 3022; x_wconf 74' lang='lat' dir='ltr'>Praedicatorumfhstinuit</span> <span class='ocrx_word' id='word_1_302' title='bbox 705 2949 892 3027; x_wconf 47' lang='lat' dir='ltr'>hucusqg</span> <span class='ocrx_word' id='word_1_303' title='bbox 930 2953 1176 3026; x_wconf 75' lang='lat' dir='ltr'>opinionem</span> <span class='ocrx_word' id='word_1_304' title='bbox 1194 2987 1210 3010; x_wconf 64' lang='lat'>2</span> <span class='ocrx_word' id='word_1_305' title='bbox 1246 2949 1373 3027; x_wconf 72' lang='lat' dir='ltr'>quod</span> <span class='ocrx_word' id='word_1_306' title='bbox 1392 2952 1450 3002; x_wconf 74' lang='lat' dir='ltr'>B.</span> <span class='ocrx_word' id='word_1_307' title='bbox 1478 2952 1620 3027; x_wconf 74' lang='lat' dir='ltr'>Virgo</span> <span class='ocrx_word' id='word_1_308' title='bbox 1645 2967 1848 3024; x_wconf 77' lang='lat' dir='ltr'>concepta</span> 
     </span>
    </p>

    <p class='ocr_par' dir='ltr' id='par_1_8' title="bbox 1342 3030 1848 3104">
     <span class='ocr_line' id='line_1_38' title="bbox 1342 3030 1848 3104; baseline 0.002 -23"><span class='ocrx_word' id='word_1_309' title='bbox 1342 3032 1366 3081; x_wconf 88' lang='grc' dir='ltr'>Ι</span> <span class='ocrx_word' id='word_1_310' title='bbox 1405 3049 1426 3081; x_wconf 86' lang='lat'><em>2</em></span> <span class='ocrx_word' id='word_1_311' title='bbox 1743 3030 1848 3104; x_wconf 70' lang='lat' dir='ltr'><em>fnit</em></span> 
     </span>
    </p>
   </div>
  </div>
 </body>
</html>
