2107 3287
956 176 1327 246 ÷(98)›1⁴

377 298 481 348 Cur
507 311 621 368 ergo
637 289 927 364 Augustinus
932 288 1088 363 solam
1114 289 1339 365 Christum
1359 290 1542 363 excipit,
1553 289 1604 365 fi
1621 287 1738 365 aque
1759 293 1852 360 ejus
1873 292 2004 343 Ma—

263 377 334 428 ’ΐεν
358 369 612 444 excipienda
635 368 725 441 est?
760 368 1036 442 Retorqaeo:
1073 373 1174 421 Cur
1197 387 1312 442 ergo
1347 367 1653 441 Augustinus,
1667 367 1783 419 cum
1809 367 1868 418 de
1897 389 2003 438 pec-

262 447 377 503 cato
394 444 627 519 Originali
643 443 753 518 agit,
765 462 838 497 tot
855 444 972 496 alios
995 462 1248 502 memorat,
1261 463 1515 515 nunquam
1536 448 1584 495 Β.
1600 443 1873 517 Virginem?
1888 443 2005 497 cum

266 544 429 580 tamen
454 523 503 573 id
529 519 740 574 maxime
763 521 909 574 causae
927 522 1177 595 Augustini
1201 538 1533 592 opportunum
1551 521 1702 576 fuerit,
1719 540 1835 572 nam
1852 523 1903 571 ὅ(
1921 519 2005 572 ista

265 616 462 675 peccato
486 597 721 672 Originali
743 597 962 669 corrupta
983 634 998 654 ,
1034 597 1164 651 nulla
1192 594 1396 668 amplius
1422 595 1612 670 Pelagio
1635 597 1753 649 ratio
1775 597 2006 667 supererat

264 677 406 734 alios,
430 673 757 747 praecipuec'lue
780 675 905 727 filios
929 674 1317 732 Patriarcharum,
1336 672 1610 744 excipiendi.
1688 672 1868 724 Deinde
1894 673 2006 725 ideo

262 752 555 827 Augustinus
579 752 835 823 Deiparam
858 751 1126 822 specialiter,
1139 748 1532 822 nominatimq'ue
1555 770 1657 802 non
1682 749 1874 820 excipit,
1892 749 2007 821 quia

262 833 362 901 jam
397 828 540 881 semel
575 848 661 899 pro
695 829 876 897 semper
907 847 1162 898 exceperat,
1189 826 1305 879 cum
1333 827 1448 878 dixit
1475 849 1484 875 z
1521 825 1725 952 &ando
1746 825 1799 876 de
1811 829 2006 898 peccate}

262 913 418 981 agitur
432 942 446 962 ‚
478 903 654 957 nullam
668 905 854 976 proffus
878 902 931 953 de
951 923 1004 954 ea
1025 905 1297 977 qaaestionem
1322 900 1477 953 haberi
1503 923 1563 954 ve
1594 922 1613 953 e
1627 939 1641 959 ,
1692 922 1786 976 qua
1806 905 1928 954 omni
1948 921 2005 953 ex

254 997 390 1056 parte
414 996 652 1054 peccatam
681 982 863 1032 vicerat
884 1001 898 1029 .·
956 973 1139 1050 Rmfisis
1161 978 1275 1051 quia
1297 980 1355 1031 de
1379 978 1572 1031 Christo
1596 978 1843 1032 constabat
1860 1020 1872 1038 ‚
1909 979 2007 1031 sine

261 1077 460 1131 peccato
491 1075 784 1129 conceptum
807 1054 918 1112 effe,
942 1077 1045 1109 non
1066 1055 1180 1110 vero
1203 1056 1268 1109 ita
1293 1055 1423 1108 certo
1450 1056 1510 1108 de
1533 1061 1581 1107 Β.
1599 1055 1794 1129 Virgine
1818 1096 1829 1115 ‚
1868 1056 2007 1107 istam

261 1135 445 1189 silentio
468 1136 690 1206 praeterit,
716 1150 971 1186 contentus
993 1133 1241 1185 Christum
1263 1132 1498 1202 excipere3
1521 1133 1771 1202 praesertim
1796 1152 1856 1185 ne
1878 1131 2008 1183 Pela-

262 1215 346 1287 gio
362 1212 500 1264 locus
523 1210 775 1264 cavillandi
803 1209 1013 1266 daretur,
1037 1227 1110 1260 tot
1136 1208 1253 1259 alios
1280 1208 1307 1259 a
1332 1226 1530 1278 peccato
1553 1208 1791 1260 eximenti.
1839 1206 2008 1281 Deniq}

261 1289 313 1337 δε
328 1283 655 1353 principaliter,
669 1284 779 1353 quia
803 1278 961 1334 revera
986 1282 1130 1333 etiam
1151 1282 1356 1351 B.Virgo
1375 1282 1425 1353 in
1424 1283 1606 1398 dprimo
1628 1297 1861 1350 conceptu
1885 1285 2009 1332 Cor-

260 1350 387 1420 poris
409 1350 642 1400 contraxit
664 1366 912 1419 peccatum
933 1344 1203 1418 Originale,
1217 1365 1319 1396 non
1339 1366 1420 1416 qul
1458 1366 1534 1397 em
1554 1345 1714 1416 quoad
1734 1347 1938 1416 culpam,
1953 1349 2008 1397 δε

260 1414 578 1486 privationem
595 1430 754 1484 gratiae
771 1415 787 1469 ,(
804 1430 934 1478 cujus
956 1410 1052 1462 sola
1072 1429 1233 1462 anima
1251 1430 1395 1481 capax
1418 1414 1481 1464 est
1499 1413 1515 1477 >
1534 1412 1610 1488 sed
1634 1412 1798 1488 quoacl
1810 1413 2009 1485 qualita-

261 1498 362 1534 tem
380 1477 663 1530 morbidam
681 1479 732 1527 &
754 1468 1054 1536 infectivam5
1078 1473 1172 1526 hoc
1195 1477 1280 1533 est,
1315 1477 1477 1548 quoad
1504 1496 1619 1534 vim,
1630 1495 1868 1547 quantum
1891 1497 1938 1527 m
1966 1478 2010 1529 se

260 1547 338 1604 est,
349 1540 631 1614 inquinandi
650 1542 880 1598 animam,
900 1535 1220 1611 reddendiq'ue
1233 1544 1342 1592 DEo
1363 1541 1657 1600 odiosam‚&
1677 1544 1834 1615 gratiae
1854 1561 2010 1595 extor-

261 1610 539 1681 rem‚quam
559 1601 772 1676 primum
795 1607 966 1656 anima:
987 1606 1311 1668 uniretur3nis1
1326 1607 1504 1676 speciali
1520 1605 1805 1680 privilegioa
1823 1608 2008 1662 solven-

261 1677 328 1729 do
350 1674 525 1745 peccati
547 1669 728 1722 tributo
746 1690 961 1740 exempta
982 1675 1098 1722 esset.
1170 1675 1420 1724 Peccatum
1443 1674 1572 1724 enim
1593 1672 1840 1744 Originale
1861 1674 2005 1725 corri-

260 1743 365 1812 puit
391 1758 491 1790 non
510 1733 701 1789 tantum
714 1742 928 1788 animam
941 1737 1036 1795 ‚sed
1055 1737 1198 1789 etiam
1217 1757 1385 1807 corpus
1405 1739 1628 1797 hominis,
1641 1738 1773 1810 quod
1792 1758 2004 1809 propter*-

260 1830 315 1863 ea
339 1808 365 1862 a
392 1813 463 1860 SS.
478 1805 688 1858 Patribus
711 1824 922 1863 vocatur,
942 1809 1063 1858 Caro
1077 1810 1260 1878 peccati,
1279 1805 1335 1868 [5
1354 1822 1479 1858 terra
1498 1806 1763 1867 maled207a5
1780 1828 2004 1880 quamvis

260 1879 588 1954 principaliter,
602 1876 695 1930 hoc
708 1881 783 1938 est,
794 1880 957 1950 quoad
970 1880 1247 1949 primarium
1262 1878 1489 1932 eflectum
1512 1880 1664 1940 suum,
1680 1884 1850 1933 animae
1862 1879 2006 1933 inhae-

262 1964 369 2000 reat.
392 1951 462 1997 Eo
476 1939 567 1996 fere'
584 1945 856 2016 modo,quo
879 1946 928 1995 in
942 1944 1140 1997 homine
1154 1962 1389 1998 venenato
1401 1973 1413 2008 5
1427 1965 1668 1998 venenum
1683 1946 1879 2016 quidem
1896 1964 2004 2001 toto

263 2030 463 2083 corpore
485 2008 789 2069 diffunditur,
811 2014 860 2062 in
879 2006 1032 2081 eotjue
1053 2012 1178 2064 varia
1204 2014 1256 2063 δε
1279 2013 1396 2062 mira
1420 2017 1736 2083 symptomata
1757 2013 2007 2082 producit3

263 2078 545 2148 primarium
565 2092 726 2128 tamen
739 2076 877 2127 suurn
891 2075 1229 2136 effectumdioc
1247 2078 1543 2135 est‚mortem
1557 2078 1607 2128 in
1628 2077 1770 2129 corde
1782 2078 1907 2145 solo(
1921 2082 2004 2131 ubi
2080 2090 2082 2092 ’

264 2147 329 2197 est
352 2143 474 2196 ledes
505 2143 663 2208 vitae‚)
686 2147 897 2198 extintfto
921 2142 1049 2196 vitali
1084 2142 1235 2194 calore
1254 2162 1485 2212 operatur.
1563 2147 1711 2195 Patres
1735 2162 1849 2216 ergo
1868 2145 2006 2197 intel-

264 2209 442 2282 ligendi
461 2207 566 2258 sunt
603 2207 662 2258 de
678 2203 913 2278 conceptu
934 2211 1153 2278 corporis,
1171 2203 1285 2259 cum
1308 2208 1473 2259 dicunt
1496 2210 1541 2258 Β.
1558 2210 1807 2280 Virginem
1826 2210 1873 2260 in
1898 2230 2003 2279 pec-

263 2293 374 2328 cato
394 2272 629 2344 Originali
652 2271 736 2325 effe
757 2276 1069 2343 conceptam(
1095 2290 1146 2325 ut
1168 2273 1305 2324 fufius
1330 2272 1597 2326 videbimus
1624 2274 1918 2345 Paragrap'ho
1939 2276 2004 2329 se·-

263 2341 450 2412 quend,
469 2345 583 2390 cum
605 2341 679 2390 res
702 2338 956 2390 ondebitur
973 2340 1031 2390 ad
1052 2342 1094 2390 S.
1108 2337 1308 2390 Thomae
1334 2340 1680 2391 Auctoritatem
1694 2380 1706 2400 ‚
1720 2344 1773 2392 &
1793 2342 2004 2393 testimo-

265 2408 374 2468 nia)
395 2424 497 2456 non
515 2399 628 2457 vero
650 2358 708 2455 elie
727 2406 1058 2477 Conceptione
1073 2407 1242 2458 animae
1261 2445 1274 2464 ,
1306 2401 1421 2457 cum
1443 2404 1660 2459 videlicet
1695 2411 1882 2476 Corpus
1903 2407 2003 2459 ani-

263 2490 400 2525 mam
419 2468 446 2523 a
468 2473 577 2524 Dfio
602 2487 773 2540 recipit.

376 2544 432 2592 II.
511 2537 739 2609 Objicitar
763 2561 803 2590 2.
883 2545 951 2593 Ex
973 2541 1148 2594 eodem
1171 2541 1441 2615 Augustino
1465 2559 1495 2592 c.
1515 2541 1706 2617 10.fhper
1729 2541 1912 2612 Genesin
1937 2541 2009 2594 ad

263 2617 492 2670 litteram:
532 2620 702 2688 Corpus
727 2614 887 2690 Christi
908 2621 1132 2692 quamvis
1156 2637 1212 2668 ex
1246 2637 1380 2668 carne
1405 2619 1576 2688 femina
1597 2633 1846 2690 conceptam
1860 2656 1874 2674 ,
1908 2638 2003 2693 qaae

264 2693 317 2745 de
338 2692 416 2746 illa
439 2697 592 2745 carne}
611 2696 783 2764 peccatt¹
799 2696 1118 2768 propagatione
1139 2708 1340 2766 concepta
1356 2695 1523 2766 fuerat
1544 2714 1557 2753 3
1596 2709 1749 2746 tamen
1771 2696 1884 2769 qaia
1915 2715 2003 2747 non

264 2773 313 2821 in
335 2771 462 2841 eastc
482 2784 732 2841 conceptam
740 2770 930 2841 fuerat,
952 2770 1170 2845 quomodo
1176 2771 1342 2844 fuerat
1364 2768 1442 2820 illa
1465 2786 1667 2842 concepta
1693 2808 1706 2826 ‚
1743 2771 1838 2823 ideo
1858 2773 2002 2843 ipſstm

254 2865 352 2905 ¹non
365 2849 533 2919 faerat
558 2866 662 2897 caro
676 2847 860 2917 peccati.
911 2851 983 2898 En
1007 2847 1296 2921 Augustinus
1327 2846 1540 2917 loquitur
1563 2847 1611 2898 in
1636 2848 1782 2919 specie
1804 2849 1862 2899 de
1889 2852 2001 2900 Bea-

263 2922 434 2974 tissima
455 2923 738 2997 Virgine‚&
760 2921 883 2973 hanc
905 2923 1019 2975 dicit
1040 2922 1169 2975 fuiffe
1191 2942 1373 2974 carnem
1386 2925 1579 2994 peccati,
1597 2944 1697 2976 non
1721 2922 1834 2977 vero
1858 2923 2001 2975 Chri-

263 2997 405 3058 stum,
417 3000 529 3072 quia
551 3001 632 3054 iste
648 3019 751 3053 non
766 2998 915 3055 fuerat
931 3019 987 3052 ex
1008 2999 1211 3054 maritali
1227 2999 1485 3072 complexu
1501 3019 1788 3077 procreatus,
1801 3019 1855 3055 ut
1871 3000 1964 3053 illa.

1892 3078 2000 3145 Resp.
