2107 3287
713 140 1090 208 >ἱ<<ι7>>ἰ<

38 259 164 315 modo
191 257 383 311 veritati
409 268 658 331 repugnant
672 290 686 310 ,
724 251 780 315 [5
800 251 1020 324 ideofhnt
1029 252 1285 323 ſsrvandae.
1362 258 1502 309 Hanc
1533 257 1771 331 Regulam

34 336 216 408 accepit
240 341 280 388 S.
294 333 511 386 Thomas
536 331 563 384 a
586 337 646 384 D.
664 330 902 383 Bernardo
925 327 1133 400 Epistola
1157 331 1217 380 ad
1238 332 1574 404 Lugdunenses
1597 356 1610 391 3
1648 339 1706 385 Et
1731 340 1773 386 S.

36 412 306 488 Augustino
329 409 494 463 multis
516 409 660 467 locis,
683 410 816 480 cujus
843 405 1025 460 celebre
1050 406 1115 457 est
1139 405 1355 458 axioma:
1381 407 1666 467 Obitus,nc>n
1685 431 1772 462 na-

37 490 150 543 tales
170 491 440 540 Sanfflorum
465 483 768 540 celebrantur,
795 486 910 559 quia
936 480 1207 554 obitussimt
1231 486 1385 533 San&
1404 521 1417 539 ,
1445 505 1532 536 non
1553 486 1770 538 Natales.

36 573 95 622 Et
118 568 234 618 ratio
260 564 402 636 hujus
435 562 686 616 axiomatis
710 562 775 613 est
796 601 808 619 ,
854 559 968 632 quia
1005 559 1055 610 in
1095 558 1233 610 Festis
1281 558 1435 610 cultus
1459 566 1511 613 ὃς
1537 563 1776 615 veneratio

37 640 314 699 exhibetur5
351 660 452 693 non
475 641 629 711 potest
652 656 815 692 autem
838 636 1044 689 Ecclesia
1077 635 1233 688 colere
1255 675 1267 693 ,
1303 637 1357 686 ἃ
1383 637 1589 689 venerari
1617 659 1776 708 pecca-

37 740 169 774 tum:
193 722 247 772 &
271 718 381 770 ideo
403 715 514 770 licet
536 716 741 769 Ecclesia
763 713 968 767 celebret
991 713 1166 765 festum
1191 716 1264 764 SS.
1281 711 1503 769 Davidis,
1518 715 1648 772 Petri,
1666 719 1779 769 Pau-

37 797 96 856 li,
121 795 422 869 Magdalenae
444 817 458 853 3
495 814 599 846 non
620 812 785 846 tamen
808 790 1015 844 celebrat
1037 789 1212 842 festum
1238 787 1468 861 adulterij,
1492 791 1780 861 negationis,

40 891 123 927 aut
146 871 481 925 Persecutionis
505 871 706 923 istorum
731 874 1034 921 Sanctorum.
1126 865 1171 918 Si
1197 885 1311 939 ergo
1335 866 1607 935 Conceptio
1631 872 1781 921 Beatae

40 948 249 1020 Virginis
279 965 478 1015 peccato
502 948 830 998 contaminata
853 944 966 999 fuit,
990 964 1093 995 uon
1125 941 1259 994 cultu
1282 945 1335 994 &
1357 941 1682 1002 veneratione,
1706 945 1785 997 sed

37 1020 198 1095 potius
221 1020 586 1073 abominatione
608 1060 619 1077 ‚
648 1019 916 1090 aeternaque
943 1019 1191 1072 oblivione
1215 1019 1360 1093 digna
1381 1020 1445 1071 est
1462 1060 1474 1077 ‚
1507 1021 1636 1091 juxta
1667 1021 1784 1074 illud

39 1104 83 1152 S.
100 1097 211 1170 Jobi
237 1118 273 1155 3.
311 1099 480 1148 Pereat
501 1095 668 1152 dicem
689 1116 787 1169 qna
813 1111 955 1147 natm
967 1097 1106 1168 snm,
1135 1092 1190 1156 ΕΞ
1215 1116 1307 1146 nox
1331 1098 1380 1147 in
1401 1116 1498 1171 qua
1524 1095 1697 1146 dl'di‘um
1718 1100 1784 1169 est,

38 1190 267 1247 conceptus*
289 1175 342 1248 cst
369 1171 524 1224 homo:
551 1193 643 1223 nox
668 1171 745 1222 illa
767 1192 855 1223 non
887 1186 1162 1243 computetur
1181 1174 1231 1223 in
1256 1171 1410 1224 diebus*
1430 1174 1574 1227 unni,
1603 1192 1682 1225 nec
1702 1193 1785 1224 nu-

39 1267 238 1306 meretur
263 1253 312 1302 in
333 1246 648 1318 menstbus2stt
663 1268 755 1305 nox
780 1245 858 1297 illa
872 1246 1116 1317 solitaria,
1140 1267 1216 1300 nec
1235 1247 1370 1300 laude
1395 1249 1545 1323 digna.

153 1332 221 1380 Ex
244 1327 335 1378 hac
372 1330 411 1376 S.
441 1323 649 1375 Thomae
674 1322 911 1373 Doctrina
945 1322 1008 1372 ita
1041 1323 1151 1373 licet
1184 1325 1506 1395 argumentari
1538 1350 1547 1377 ι
1584 1325 1790 1380 Ecclesia

41 1425 145 1458 non
168 1402 372 1457 celebrat
394 1401 586 1452 Festum
609 1398 695 1449 nisi
721 1398 780 1450 de
805 1402 1013 1455 Sanctos
1044 1415 1091 1448 at
1114 1397 1319 1449 celebrat
1356 1402 1544 1452 Festum
1570 1402 1628 1453 de
1654 1408 1787 1455 Con-

40 1480 265 1552 ceptione
288 1476 565 1543 Beatissimae
604 1474 811 1548 Virginis
832 1515 844 1532 ,
879 1494 994 1547 ergo
1017 1474 1292 1545 Conceptio
1318 1478 1364 1525 Β.
1380 1475 1587 1548 Virginis
1612 1497 1666 1529 ex
1690 1479 1790 1531 sen-

42 1557 193 1612 tentia
217 1560 258 1608 S.
272 1552 480 1607 Thomae
504 1553 569 1605 est
597 1556 769 1605 Sancta
784 1591 797 1611 ,
832 1554 885 1605 ὃς
910 1550 944 1602 si
972 1555 1168 1609 Sancta,
1186 1570 1301 1624 ergo
1326 1551 1486 1604 omnis
1512 1554 1693 1626 peccati
1714 1575 1791 1607 ex-

41 1654 157 1709 pers.
1295 1636 1320 1661 ‘

157 1713 222 1763 ΙΙ.
301 1708 468 1760 Dices:
503 1705 765 1759 Ecclesiam
790 1704 1022 1759 celebrare
1044 1704 1235 1759 Festum
1250 1705 1578 1759 Immaculata:
1603 1713 1795 1761 Conce-

47 1787 222 1860 ptionis
239 1827 251 1845 ,
284 1805 388 1838 non
411 1784 525 1857 quia
552 1801 739 1837 certum
763 1784 828 1835 est
853 1824 866 1841 ,
910 1784 988 1836 sed
1010 1784 1124 1856 quia
1149 1782 1422 1855 probabile,
1454 1783 1584 1837 t'uisse
1619 1785 1794 1838 imma-

47 1864 274 1918 culatam.

164 1937 373 2015 Respond.
452 1942 578 1993 Non
602 1956 706 1991 tam
731 1957 853 1990 curae
880 1936 1000 2006 mihi
1027 1937 1091 1990 est
1116 1937 1441 1991 demonstrare
1466 1978 1479 1996 ,
1518 1936 1671 2010 quam
1695 1940 1795 1992 effi-

49 2018 222 2072 caciter
245 2036 300 2068 ex
323 2017 479 2075 Festo,
503 2015 699 2089 ejusq'ue
726 2015 1041 2068 celebratione
1065 2035 1120 2067 ac
1151 2014 1285 2067 cultu
1300 2055 1312 2073 ,
1350 2035 1437 2086 pro
1475 2016 1795 2071 Immaculata

54 2093 390 2165 Conceptione
422 2093 741 2167 argumentari
780 2092 950 2150 liceats
987 2092 1064 2144 sed
1090 2089 1249 2163 potius
1273 2092 1517 2144 ostendere
1545 2111 1600 2143 ex
1625 2093 1797 2163 princi-

55 2173 139 2246 pijs
162 2212 173 2229 ‚
207 2174 260 2223 &
286 2171 505 2223 doctrina
531 2175 570 2222 S.
599 2169 806 2222 Thomae
827 2168 956 2241 sequi
977 2209 989 2228 ‚
1021 2168 1341 2221 Beatiffimam
1380 2168 1632 2243 Virginem
1662 2169 1796 2223 fuisse

54 2245 372 2301 Immaculate
397 2251 725 2319 Conceptam3
763 2246 853 2299 Vel
880 2245 1009 2298 enim
1032 2246 1252 2299 doctrina
1277 2251 1318 2298 S.
1345 2244 1554 2298 Thomae
1575 2267 1684 2301 vera
1714 2249 1796 2306 est,

57 2325 135 2381 Vel
158 2324 296 2377 falsa?
335 2325 369 2376 fi
392 2324 527 2377 falsa?
552 2344 634 2377 cur
658 2324 856 2377 obsecro
879 2341 1069 2376 tantum
1093 2323 1134 2375 ei
1156 2322 1358 2381 tribuas,
1391 2340 1445 2375 ut
1468 2323 1606 2376 malis
1628 2328 1677 2376 B.
1692 2324 1797 2377 Vir-

56 2403 224 2476 ginem
245 2402 448 2454 deserere
465 2442 476 2460 ‚
514 2400 667 2474 quam
708 2401 871 2454 falsam
893 2405 954 2452 D.
981 2399 1186 2452 Thomae
1214 2399 1495 2453 sententiam
1527 2407 1539 2452 ?
1594 2400 1639 2452 Si
1661 2409 1798 2454 vera?

58 2478 173 2554 ergo
211 2500 266 2531 ex
297 2478 613 2532 celebratione
650 2479 749 2530 festi
797 2476 979 2550 optime
1017 2478 1208 2529 infertur
1254 2478 1508 2534 &castitas-2
1541 2479 1594 2528 δε
1616 2477 1650 2527 si
1672 2476 1798 2529 bene

62 2575 420 2629 argumentatur
442 2561 503 2608 D.
521 2555 762 2615 Thomas,
787 2554 1128 2628 concluditc']ue
1150 2595 1162 2613 ,
1199 2556 1400 2607 Beatam
1426 2552 1800 2627 lfirginemsnssb

55 2631 145 2703 fine
157 2648 334 2703 peccato
356 2632 586 2707 Originalz'
606 2634 922 2708 natam,quia
943 2630 1133 2703 Ecclcfia
1155 2636 1249 2704 eim
1263 2632 1564 2684 nativitatem
1585 2627 1795 2690 celebrem

65 2707 200 2779 aeque
221 2709 342 2762 bene
360 2710 829 2784 argumentabimur,
862 2714 913 2762 &
935 2705 1283 2765 concludemus
1309 2729 1397 2760 nos
1420 2705 1574 2780 ,fimſjc
1591 2706 1683 2775 fine
1698 2721 1797 2777 pec-

64 2799 163 2836 cato
188 2786 416 2859 Originalz'
437 2803 711 2860 conceptam,
733 2789 846 2862 quia
868 2790 961 2856 ejm
988 2788 1315 2858 Conception'em
1343 2783 1536 2855 Ecclesia
1567 2780 1763 2834 celebrat.

216 2861 396 2935 Net'Jue
425 2864 527 2917 ullo
561 2866 717 2917 modo
751 2863 939 2917 admitti
960 2863 1101 2916 debet
1126 2864 1175 2915 in
1211 2862 1350 2916 rebus
1381 2862 1441 2913 ad
1480 2859 1801 2933 Religionem,

65 2937 254 3013 Deique
278 2938 464 2995 cultum
495 2941 839 3015 spectantibuS,
870 2940 1128 2996 Ecclesiam
1161 2961 1216 2994 ex
1240 2936 1569 3015 probabilibus
1595 2954 1803 2995 tantum,

1339 3019 1378 3071 E
1701 3033 1804 3070 non
