2107 3287
753 165 1127 233 ›Nobi‹

69 281 253 339 inveni,
274 279 505 332 mulierem
526 295 682 331 antem
704 299 759 331 ex
782 275 989 331 omnibus
1010 297 1098 328 non
1119 278 1289 329 inveni.
1358 281 1418 329 Et
1440 275 1550 349 Jobi
1581 295 1654 336 24.
1700 277 1801 327 Μ-

67 377 142 408 mo
169 357 369 410 mundus
391 355 586 428 dfirde,
610 357 705 431 neq}
723 358 903 431 infans,
924 357 1055 424 cnjus
1077 355 1130 429 ‹st
1150 355 1290 406 anim
1307 355 1420 407 Diez
1442 355 1548 407 vita
1552 353 1695 426 fhper
1717 366 1805 403 ter-

69 454 188 486 ram.

181 511 301 585 Rqsp.
339 531 373 563 J.
412 515 615 564 Certum
633 552 643 569 ,
661 514 713 564 δε
737 510 1064 563 indubitatum
1086 509 1176 565 est,
1205 506 1513 559 Generalibus
1539 505 1730 580 Regulis
1755 507 1808 557 &

68 587 470 658 propositionibus
495 593 536 639 S.
572 588 815 659 Scripturae
849 607 951 639 non
982 583 1330 655 comprehendi
1353 588 1401 634 B.
1425 584 1710 657 Virginem5
1746 582 1810 634 ita

71 664 200 715 enim
223 663 365 717 docet
393 670 433 717 S.
447 664 739 738 Augustinus
755 667 892 715 Serm.
909 661 961 714 de
972 660 1192 733 Affnmpt.
1216 662 1274 710 B.
1303 661 1433 733 Virg.
1452 663 1503 711 ὅ(
1526 658 1550 709 l.
1571 679 1603 710 J.
1621 658 1673 710 de
1694 659 1810 709 Na-

68 754 178 791 tura
202 738 258 801 ΕΞ
283 743 514 793 Gratiam.
527 747 604 803 36.
643 746 700 793 Et
721 739 968 792 clariffime
992 738 1082 809 ipse
1105 736 1360 811 Angelicus
1386 740 1578 787 Ductor
1600 751 1811 809 3.p.q.30.

67 835 110 867 a.
134 837 174 867 2.
197 815 267 867 ad
282 839 322 868 2.
395 816 670 875 Dicendum,
681 814 816 892 qnbd‚
818 817 940 888 stent
960 815 1247 889 Angustinm
1267 812 1376 865 dicit
1398 814 1448 863 in
1471 815 1605 862 Serm.
1645 811 1697 863 de
1719 812 1814 882 Ast

51 893 224 965 sumpt.
261 895 447 946 Maria
469 892 590 946 ‹verd
610 895 888 968 aestjmatione
909 891 942 944 d
971 889 1251 967 quibusdam
1268 885 1552 965 generalibus·
1568 890 1786 960 excipitur
1797 908 1813 937 .·

68 969 202 1043 Qia
222 989 299 1021 nec
323 974 565 1041 Conceptm
586 969 936 1041 mnltzplicavit‚
959 988 1036 1020 nec
1043 965 1139 1038 βψ
1163 969 1289 1023 viri,
1312 965 1390 1018 hoc
1412 966 1465 1040 est
1481 1006 1492 1023 ‚
1517 967 1676 1016 mariti
1693 980 1814 1037 pote-

56 1047 173 1118 state
187 1046 308 1116 fnit:
345 1045 496 1118 qu‘ue
520 1046 761 1099 evidenter
781 1046 1009 1117 probatur
1041 1064 1098 1097 ex
1124 1043 1223 1116 alijs
1242 1048 1283 1096 S.
1298 1043 1542 1114 Scripturae
1558 1041 1688 1093 locis.
1730 1040 1815 1093 Illa

68 1121 201 1173 enim
224 1123 381 1175 Verba
404 1122 709 1175 Ecclesiastici
731 1142 768 1175 c.
786 1145 866 1183 40.
905 1123 1080 1174 Omnia
1103 1141 1196 1195 qnae
1219 1119 1272 1172 de
1292 1119 1558 1190 amaſsint,
1572 1119 1620 1169 in
1642 1132 1817 1169 terram

68 1213 365 1251 revertentur.
403 1204 460 1251 Et
484 1198 561 1251 illa
586 1199 841 1251 Hieremiae
876 1202 984 1250 6.&
1013 1215 1050 1250 8.
1099 1200 1271 1249 Omnes
1290 1198 1507 1248 avaritae
1524 1193 1721 1270 student.
1760 1197 1818 1245 Et

67 1275 128 1326 ad
152 1276 371 1327 Corinth.
400 1297 432 1326 1.
472 1278 642 1327 Omnes
662 1291 881 1347 quaerunt,
904 1274 1248 1346 qnaefhafhnt3
1273 1293 1376 1325 non
1398 1270 1818 1342 comprehendunt

67 1354 116 1402 B.
131 1351 393 1426 Virginem.
431 1356 499 1403 Ex
524 1349 863 1403 universalibus
886 1369 1002 1422 ergo
1021 1349 1265 1417 Scripturae
1289 1349 1407 1400 locis
1431 1368 1533 1399 non
1556 1348 1709 1418 potest
1735 1346 1818 1397 de-

68 1427 181 1479 duci
205 1428 542 1499 consequentia
557 1427 620 1478 ad
645 1427 899 1478 Personam
921 1423 1044 1477 adeo
1072 1423 1300 1477 eximiam
1316 1463 1329 1481 ,
1357 1423 1728 1496 privilegiatam,
1766 1426 1819 1474 ὃς

69 1523 357 1575 exemptam,
376 1503 528 1576 qualis
551 1505 617 1556 est
632 1507 679 1554 B.
697 1502 862 1577 Virgo.
1539 1538 1550 1548 .

181 1580 293 1633 Imo
315 1581 520 1651 idipsum
548 1579 791 1653 colligitur
813 1599 869 1631 ex
896 1578 947 1651 ijs
974 1577 1077 1649 ipsis
1092 1576 1311 1633 textibus,
1325 1575 1408 1648 qui
1426 1575 1566 1627 nobis
1584 1575 1819 1648 objiciun-

69 1675 171 1714 tur3
208 1661 346 1709 Nam
372 1663 409 1710 S.
426 1657 596 1709 Paulus
619 1656 705 1708 illo
732 1655 830 1727 ipso
847 1670 939 1726 cap.
952 1673 994 1717 3.
1013 1655 1074 1706 ad
1086 1658 1338 1706 Romanos
1362 1650 1507 1704 habet
1523 1652 1627 1704 istas
1643 1673 1820 1723 propo„

69 1733 259 1786 fitiones
293 1733 594 1787 universales:
694 1753 729 1783 1.
769 1735 935 1783 Omnes
968 1729 1096 1783 homo
1134 1729 1349 1782 mendax.
1455 1750 1493 1779 2.
1533 1731 1703 1780 Omnes
1721 1726 1818 1799 snb

62 1825 242 1883 peccato
247 1810 376 1880 stant.
465 1832 499 1868 3·
538 1810 657 1861 Non
688 1809 741 1882 ψ
761 1810 914 1882 justus
941 1811 1203 1882 quisquam.
1275 1830 1320 1867 4.
1360 1809 1531 1858 Omnes
1556 1803 1816 1856 declinave-

72 1902 181 1938 runt
191 1886 335 1962 fimul
350 1886 528 1940 inutiles
541 1886 802 1960 fnfiifhnt.
891 1906 925 1945 ς.
964 1885 1082 1936 Mn
1101 1885 1155 1959 est
1178 1884 1426 1958 quifaciat
1447 1879 1638 1937 bonum,
1655 1901 1742 1932 non
1763 1882 1817 1955 est

71 1984 170 2038 usq?
191 1963 261 2015 ad
278 1985 434 2016 unum.
515 1964 561 2016 Si
585 1961 900 2016 universalitas
924 1962 1118 2024 istarum
1141 1959 1529 2032 propositionum
1545 1977 1648 2010 non
1678 1977 1821 2010 com-

72 2040 294 2113 plectitur
311 2041 627 2114 B.Virginem,
640 2059 785 2112 quare
803 2038 881 2091 illa
902 2038 1000 2091 sola
1016 2037 1492 2109 complectatunquae
1513 2035 1693 2107 peccati
1707 2034 1818 2086 Ori-

72 2117 240 2192 ginalis
267 2117 491 2170 meminit
513 2125 524 2169 ?
553 2120 604 2170 &
628 2117 662 2168 si
685 2116 775 2168 illae
801 2116 939 2168 toties
963 2115 1166 2187 repetitae
1189 2113 1359 2166 locum
1385 2112 1661 2184 relinquunt
1684 2130 1817 2163 exce-

73 2195 240 2266 ptioni,
253 2198 305 2248 &
320 2193 569 2268 privilegio
582 2213 752 2265 ‚quare
778 2213 881 2245 non
901 2192 1016 2245 alia?
1039 2190 1155 2245 cum
1177 2189 1312 2263 aeque
1328 2193 1382 2243 &
1399 2190 1448 2241 in
1464 2189 1560 2247 ista,
1577 2192 1629 2241 &
1653 2188 1703 2240 in
1727 2187 1816 2239 illis

74 2271 243 2324 Paulus
266 2271 583 2327 universaliter
605 2270 832 2342 loquatur
857 2279 870 2322 ἒ
908 2274 961 2322 N
964 2268 1150 2342 unquid
1173 2268 1287 2320 dicit
1311 2267 1442 2319 idem
1474 2264 1734 2337 Apostolus
1756 2264 1818 2316 ad

77 2347 296 2400 Corinth.
331 2371 345 2400 1
364 2369 399 2409 ς.
438 2350 560 2400 Sicut
581 2350 630 2400 in
651 2346 819 2399 Adam
841 2366 990 2399 omnes
1011 2348 1272 2398 moriuntur
1287 2385 1299 2403 ‚
1315 2346 1385 2396 ita
1406 2345 1456 2395 in
1479 2340 1647 2416 Christo
1667 2360 1817 2392 omnes

74 2409 456 2497 viv'fflcabuntnr.
493 2430 552 2478 Et
577 2443 742 2478 tamen
764 2444 949 2478 certum
971 2425 1050 2482 est,
1062 2443 1163 2475 non
1185 2442 1356 2475 omnes
1378 2421 1437 2473 de
1460 2420 1590 2472 faeto
1616 2419 1664 2469 in
1677 2416 1816 2470 Chri-

74 2502 147 2554 sto
170 2501 426 2575 vivificari,
440 2501 660 2573 parvulos
676 2501 919 2557 videlicet,
951 2500 1034 2572 qui
1057 2500 1152 2552 fine
1176 2499 1415 2570 Baptismo
1439 2495 1688 2549 decedunt.
1769 2494 1817 2546 Si

76 2597 190 2651 ergo
214 2579 296 2632 ista
318 2579 448 2632 Pauli
472 2578 732 2650 propofitio
756 2604 764 2630 :
804 2583 972 2631 Omnes
992 2579 1042 2629 in
1073 2575 1246 2651 Chrsso
1271 2571 1642 2647 vivzficabnntur
1664 2612 1676 2629 ‚
1707 2590 1817 2624 vera

75 2656 154 2713 est,
167 2657 389 2726 quamvis
420 2675 522 2708 tam
551 2655 694 2709 multi
716 2659 1018 2727 excipiantur,
1034 2674 1178 2726 quare
1204 2673 1307 2705 non
1329 2652 1475 2704 etiam
1497 2650 1580 2701 ista
1600 2668 1708 2702 vera
1730 2645 1819 2699 effe

74 2731 238 2802 possit:
277 2735 446 2784 Omnes
468 2736 517 2784 in
539 2732 706 2784 Adam
727 2736 1002 2789 moriuntur,
1015 2731 1236 2803 quamvis
1253 2750 1349 2782 una
1371 2748 1473 2780 non
1496 2725 1754 2778 moriatur?
1770 2725 1815 2775 Si

76 2809 207 2860 enim
231 2809 561 2862 universalitati
583 2809 968 2880 propositionum
983 2828 1085 2860 non
1108 2807 1263 2861 obstat
1290 2804 1502 2875 exceptio
1527 2800 1814 2857 multorum,

31 2897 46 2924 ⁴
75 2884 236 2937 multo
259 2884 420 2937 minus
444 2885 650 2938 obstabit
674 2886 887 2957 exceptio
911 2905 1063 2937 unius.
1100 2889 1229 2938 Patet
1260 2903 1374 2957 ergo
1407 2877 1685 2932 universales
1708 2897 1815 2948 pro-

74 2961 330 3032 posltiones
355 2962 572 3023 D.Pauli,
588 2983 691 3017 non
715 2963 953 3017 includere
977 2962 1145 3018 omnia
1167 2960 1374 3017 omnino
1399 2955 1669 3015 individua5
1697 2952 1815 3005 illud

1334 3039 1378 3091 Z
1705 3049 1816 3102 prae-
