2107 3287
930 180 1307 250 ›1⁴(36)÷

197 324 206 332 ·
231 304 336 378 fuit
361 303 409 354 in
422 314 602 374 peccato
624 293 854 370 Orzginali
867 293 977 368 ‚ssed
985 298 1097 366 jam
1119 293 1171 346 de
1192 291 1269 345 hoc
1293 312 1382 346 non
1407 294 1460 368 est
1481 291 1743 346 curandum
1757 328 1772 348 ,
1805 293 1918 366 quia
1941 291 1995 365 est

247 380 446 433 materia
469 376 634 431 nullius
656 371 893 429 militam,
919 370 975 435 Εἴ
1001 370 1144 425 valdo
1152 369 1431 445 standahstz
1445 407 1460 427 ,
1475 372 1717 444 prastrtim
1731 406 1745 426 ,
1769 366 1875 420 etim
1899 384 1997 422 tota

231 455 338 532 fere>
358 455 549 526 Ecclesia
576 453 732 522 (cujus
753 452 882 522 zqu,
907 448 963 512 Εἴ
985 453 1234 502 ακὸῗονίῑω
1249 445 1527 519 ‚secundam
1547 450 1613 499 D.
1634 444 1876 498 Thomam
1897 467 1938 498 2.
1951 468 1995 499 2.

246 555 290 609 q.
317 554 372 585 ιο.
397 550 515 584 a.12.
554 532 611 581 Et
626 547 669 591 3.
678 543 724 601 p.
737 548 780 603 q.
796 533 828 578 ό
831 532 864 580 8
867 570 875 578 .
889 547 932 579 a.
948 547 1003 578 [ο.
1018 524 1240 600 praevalet
1261 524 1392 577 dida
1411 523 1601 577 alterius
1622 523 1882 599 cujmcunqg
1892 524 1998 575 Do-

248 610 523 677 domnam
547 604 732 678 affirm,
754 603 988 680 quodfm't
1002 605 1296 677 prafirvatae
1789 591 1799 601 ’

356 685 550 736 Decimo
553 680 758 756 ſsptimo.
838 682 1238 755 Antiquiffimum
1264 679 1680 755 Martyrologium
1712 685 1792 733 ΡΡ.
1819 676 1998 734 Domi-

245 764 532 816 nicanorum
556 763 702 813 Anno
748 780 799 811 12
816 779 885 820 54·
922 759 1245 830 conscriptum
1270 758 1332 811 ad
1354 758 1486 810 diem
1522 776 1560 811 8.
1578 758 1812 810 Decemb.
1839 761 2000 810 Conce-

234 841 333 911 ptio
356 839 591 890 SMariae
616 839 835 911 Virginb's,
851 837 1025 910 Festum
1048 835 1226 908 duplex.
1305 833 1542 908 Idemc'lue
1576 833 1721 887 habet
1756 839 2001 906 Martyro-

246 915 437 991 logium
464 919 610 968 Anno
642 933 779 974 1579-
806 912 927 986 jussu
956 911 1201 983 Seraphini
1229 912 1420 965 Cavalis
1446 911 1689 963 Generalis
1702 909 2003 964 Ord.Praedi-

244 1012 333 1046 cat.
413 995 470 1046 Et
497 993 545 1044 in
568 990 734 1044 libello
755 1031 767 1049 ‚
795 990 873 1043 cui
900 988 1090 1042 Titulus
1112 1013 1122 1039 ε
1170 989 1308 1040 Hora
1331 990 1389 1040 B.
1414 989 1598 1039 Mariae
1623 988 1752 1060 Wrg.
1775 986 1846 1036 ad
1869 985 2005 1056 ustam

244 1072 467 1122 Fratrum
499 1068 865 1121 Praedicatorum
898 1066 1093 1119 Ordinb's
1122 1069 1163 1117 S.
1187 1066 1426 1117 Dominici
1439 1085 1453 1125 ,·
1488 1063 1621 1116 edito
1652 1062 1828 1136 Parifijs
1854 1065 2004 1114 Anno

252 1167 390 1208 1529.
414 1147 465 1199 in
489 1146 709 1200 oratione
732 1144 835 1198 haec
865 1143 1130 1197 habentur:
1166 1144 1300 1194 Deus*
1321 1144 1404 1215 qui
1416 1155 1504 1212 pro
1517 1138 1676 1212 ſszlute
1707 1136 1905 1190 humani
1926 1155 2005 1210 ge-

242 1228 362 1277 neris
389 1243 574 1276 carnem
600 1222 789 1299 gloriose
825 1223 1031 1294 Virginis
1067 1218 1282 1289 afflamere
1311 1216 1529 1291 dignatus
1551 1234 1594 1267 es
1614 1251 1629 1271 ,
1667 1212 1724 1276 Εἴ
1755 1213 2007 1288 ipstzmfine

241 1298 430 1353 macula
453 1298 787 1372 conctpiendam
807 1311 914 1349 ante
919 1293 1088 1368 secula
1117 1295 1167 1345 in
1191 1294 1419 1344 Matrem
1435 1289 1706 1366 praeelegssi2
1719 1289 1897 1342 concede
1913 1287 2006 1351 &a

242 1382 302 1430 Et
338 1376 531 1450 hymno
562 1376 623 1428 ad
656 1375 872 1427 Tertiam
899 1396 909 1422 ε
948 1371 1179 1442 Conceptio
1204 1366 1455 1420 laudabilis
1486 1364 1547 1419 ab
1578 1365 1754 1442 Angelo
1783 1369 2006 1420 nuntiata

243 1455 428 1506 Mariae
450 1494 462 1512 ‚
508 1468 610 1505 tam
640 1446 858 1501 amabilis
893 1449 942 1499 in
979 1450 1200 1519 Conceptu
1218 1446 1512 1518 prastrvata.
1592 1445 1671 1496 Ad
1697 1444 1922 1514 Vesperas
1956 1442 2007 1493 in

244 1534 476 1605 Hymno:
515 1525 678 1585 Salve,
704 1546 798 1600 quae
822 1522 953 1575 Stella
976 1524 1153 1575 Maris
1183 1542 1226 1574 es
1245 1522 1340 1593 sine
1360 1519 1458 1573 labe
1486 1524 1719 1593 Concepta.
1799 1525 1857 1572 Et
1881 1523 2009 1592 Ray-

244 1607 458 1660 mundus
486 1604 656 1658 Lullus
678 1602 727 1653 in
750 1600 961 1675 Prologo
985 1597 1236 1653 Traemtfis
1269 1599 1328 1652 de
1352 1597 1692 1669 Conceptione
1718 1597 1893 1650 fatetur
1915 1599 2007 1648 An.

254 1704 391 1744 1250.
426 1683 616 1735 Festum
651 1678 982 1731 Immaculatae
1019 1675 1369 1748 Conceptionis
1390 1673 1522 1728 fuisse
1553 1672 1580 1727 a
1610 1679 1692 1727 ΡΡ.
1720 1673 2010 1726 Dominica-

244 1761 317 1812 nis
341 1758 640 1812 celebratum
664 1755 714 1808 in
740 1755 917 1828 Gallijs.
996 1758 1055 1807 Et
1078 1772 1208 1812 nota,
1226 1758 1305 1805 ΡΡ.
1330 1751 1687 1805 Dominicanos
1718 1750 1783 1803 ab
1807 1750 2010 1803 exordio

245 1835 340 1890 fere
364 1836 432 1889 sui
455 1834 653 1888 Ordinis
675 1853 828 1905 usque
853 1832 913 1885 ad
935 1834 1137 1884 Annum
1170 1847 1308 1888 1387·
1341 1832 1394 1882 &
1417 1829 1481 1882 ita
1511 1829 1646 1881 annis
1670 1827 1766 1881 fere
1797 1847 1903 1886 133·
1931 1847 2007 1880 ce-

245 1911 439 1966 lebraffe
474 1911 811 1964 solennitatem
847 1907 1195 1980 Conceptionis
1221 1947 1234 1966 ‚
1271 1927 1423 1980 quarn
1457 1903 1620 1978 postea
1653 1905 1703 1958 in
1731 1905 2009 1958 Sanetifica-

247 1991 439 2043 tionem
469 1987 864 2046 commutarunt,
887 1988 1002 2040 teste
1027 1985 1289 2059 Spondano
1313 1982 1382 2035 ad
1398 2003 1578 2036 annum
1600 1988 1738 2047 1387.
1755 2003 1798 2034 n.
1810 2003 1860 2046 7.
1885 1985 2008 2034 Am-

248 2067 412 2120 brofio
436 2065 717 2124 Catharino,
734 2065 945 2139 alijsque‚
958 2065 1018 2117 de
1044 2084 1147 2137 quo
1168 2061 1277 2117 vide
1301 2066 1495 2114 Petrum
1525 2061 1584 2113 de
1606 2059 1729 2115 Alva
1738 2061 1789 2135 f
1797 2079 1892 2124 107.

360 2145 555 2197 Decimo
575 2139 752 2194 offlavo.
832 2142 997 2195 Palaus
1019 2145 1072 2194 δε
1104 2140 1302 2196 Alvarus
1338 2139 1528 2191 Pizarus
1554 2139 1784 2191 testantur
1806 2142 1855 2190 B.
1880 2141 2007 2210 Ray-

246 2223 496 2276 mundum
527 2221 586 2273 de
613 2219 884 2279 Pennafort‚
901 2219 985 2292 qui
1010 2223 1157 2271 Anno
1196 2238 1246 2269 12
1264 2238 1334 2275 30.
1357 2216 1407 2269 in
1432 2217 1551 2270 vivis
1585 2215 1771 2289 agebat,
1788 2212 1951 2286 saepius
1977 2212 2004 2267 ὲ

249 2298 492 2352 Cathedra
512 2339 525 2357 ‚
574 2317 628 2350 ac
653 2296 906 2369 praesertim
930 2297 979 2348 in
1011 2295 1214 2349 Ecclefia
1237 2293 1499 2366 Hispalenfi
1521 2334 1535 2352 ,
1572 2312 1660 2364 pro
1683 2290 2007 2345 Immaculata

250 2374 589 2447 Conceptione
613 2371 784 2426 dixisse.

360 2454 552 2505 Decimo
567 2449 693 2504 nono.
732 2451 1014 2505 Vincentius
1037 2449 1219 2509 Cassan,
1236 2449 1320 2523 qui
1338 2447 1502 2502 floruit
1523 2447 1609 2501 sub
1634 2449 1837 2500 Annum
1863 2466 1914 2498 12
1931 2463 2005 2502 17.

249 2529 300 2581 in
326 2528 572 2582 nonnullis
595 2528 874 2581 traetatibus
896 2528 1190 2603 Panegyrieis
1211 2527 1504 2600 Mysterium
1519 2524 1850 2579 Immaculata:
1867 2527 2004 2576 Con-

248 2606 482 2678 ceptionis
509 2603 840 2665 multifariam,
854 2605 1090 2679 acuteq'ue
1114 2604 1324 2677 explicat.

368 2682 598 2758 Vigcfimo.
677 2682 960 2737 Vincentius
986 2682 1296 2736 Belluacenfis
1313 2680 1362 2733 in
1378 2681 1464 2734 suo
1470 2677 1648 2757 speculo
1667 2678 1895 2754 Ilistorico
1916 2677 2005 2730 cir-

251 2778 305 2810 ca
326 2763 528 2813 Annum
551 2778 699 2828 1244.
717 2757 742 2812 l.
756 2780 802 2823 7.
829 2780 861 2812 c.
876 2780 962 2812 121.
985 2760 1118 2815 affert
1141 2764 1192 2813 δε
1218 2759 1381 2811 laudat
1407 2759 1551 2814 verba
1578 2762 1621 2811 S.
1643 2752 2006 2828 Ildefonssqui-

251 2834 341 2887 bus
365 2837 738 2891 Immaculatam
762 2838 1154 2909 Conceptionem
1176 2835 1394 2890 affirmat.

368 2914 585 2988 Vzgcfi'mo
599 2911 765 2987 primo.
844 2919 1052 2986 Joannes
1095 2915 1153 2968 de
1197 2912 1429 2967 Fennario
1467 2911 1700 2988 Magister
1733 2907 2004 2967 Generalis,

250 2987 475 3044 referente
492 2991 753 3046 Ambrosio
767 2991 1035 3046 Catharino
1053 2993 1101 3045 in
1119 2991 1435 3067 Dgsputatione
1452 2990 1523 3043 ad
1531 2987 1695 3045 Concil.
1709 2986 2002 3113 widenagt.

1957 3083 2000 3115 ρ-
