2107 3287
769 151 1146 220 ›1‹(4s)›1<

88 269 224 345 quod
245 267 470 323 Eusebius
493 264 783 321 Caesarienfis
806 263 1166 335 conscripseram
1204 268 1256 316 δ(
1280 266 1389 319 ideo
1414 263 1511 320 hoc
1533 267 1827 342 Martyrolor

85 347 227 422 gium
252 347 559 419 Hieronymo
596 342 867 398 adscribunt
891 342 1017 394 Beda
1041 344 1091 393 in
1114 343 1318 406 Retracst'.
1342 347 1391 396 in
1413 345 1538 395 Aeta
1558 347 1708 421 Apcst.
1736 367 1769 398 c.
1795 368 1831 399 I.

84 423 373 479 Walafridus
397 421 566 475 Strabo
589 419 681 473 l.de
703 418 834 473 rebm
856 417 985 472 Eccle
1000 419 1164 493 tustico's
1187 438 1220 469 c.
1250 423 1326 471 28.
1365 421 1605 474 Usuardus
1631 425 1679 474 in
1704 426 1833 475 Prae-

69 499 169 577 fat.
201 499 422 573 adsttum
443 497 754 575 Martyrolog.
827 496 1087 550 Bollandus
1110 494 1387 548 Praefatione
1421 497 1469 547 in
1492 497 1609 551 vitas
1631 505 1833 553 Sancto-

84 597 209 631 rum.
242 596 276 629 c.
296 594 352 644 4..
387 577 425 644 §.
446 594 502 643 4.
539 574 775 648 Idemq'ue
799 579 841 627 S.
865 573 1196 646 Hieronymus
1219 571 1270 623 in
1292 571 1444 624 Psalm
1470 594 1542 630 77.
1568 574 1731 628 Nubes
1751 576 1832 630 illa

87 656 109 722 (
122 653 386 707 Beatissima
408 652 592 727 Virgo)
628 671 873 728 nunquam
892 651 997 725 fuit
1033 651 1082 702 in
1103 646 1293 717 tenebris
1316 685 1331 704 ,
1358 647 1627 722 ſsdstmper
1649 654 1698 704 in
1726 652 1829 708 luce.

85 735 129 785 S.
141 730 437 805 Augustinus
460 728 676 803 quoque,
688 729 772 801 qui
796 728 973 781 eodem
996 725 1157 780 seculo
1183 725 1347 778 floruit
1366 727 1382 793 (
1398 723 1518 796 obijt
1543 727 1672 780 enirn
1684 733 1831 784 Anno

83 813 228 879 430.)
255 806 282 859 l.
298 806 351 860 de
365 808 571 859 Natura
596 805 652 869 (ὅ
669 808 844 858 Gratia
867 825 899 857 c.
925 810 1004 868 36.
1115 800 1323 876 Exceptd
1343 804 1400 853 B.
1429 802 1639 876 Virgine,
1661 805 1714 857 de
1735 827 1834 882 qua

77 899 260 958 propter
280 882 489 936 honorem
510 886 732 941 Domini,
754 880 930 935 nullam
941 880 1132 954 proffus
1151 900 1255 932 cum
1274 878 1328 931 de
1342 883 1537 952 peccatu
1558 882 1735 954 agitur,
1748 882 1834 935 ha·-

82 959 185 1011 bere
205 958 310 1010 volo
331 962 630 1033 quaestionem5
654 959 758 1011 inde
780 961 899 1011 enim
902 960 1108 1030 scimus,
1131 954 1258 1032 quod
1267 954 1375 1029 plus
1388 958 1547 1031 gratiae
1571 955 1779 1011 collatum
1795 962 1834 1013 ei

68 1036 244 1107 fherit,
266 1033 337 1086 ad
357 1033 638 1087 vincendum
659 1037 783 1086 omni
804 1053 861 1085 ex
873 1049 1009 1106 purte
1020 1048 1259 1107 peccatum
1273 1069 1287 1089 ‚
1309 1054 1404 1108 quae
1434 1034 1651 1106 concipere
1672 1055 1728 1086 uc
1745 1052 1832 1108 pa-

79 1130 180 1163 rere
204 1113 372 1163 meruit
392 1131 496 1163 eum
509 1147 523 1167 ,
544 1130 679 1186 quem
700 1112 867 1182 constat
886 1108 1063 1163 nullum
1083 1108 1276 1181 habuiſje
1289 1125 1538 1183 peccatum.
1597 1111 1834 1185 Idemque

80 1188 377 1263 Augustinus
400 1186 472 1240 lib.
488 1207 534 1253 5.
549 1202 705 1239 contru
727 1183 980 1265 Julianum
1002 1202 1097 1259 cup.
1109 1208 1156 1253 9.
1175 1184 1231 1249 εἴ
1256 1203 1351 1260 cup.
1365 1206 1433 1253 15.
1467 1186 1592 1241 hanc
1616 1189 1836 1263 regulam

80 1265 215 1319 velut
237 1264 539 1318 certiffimam
563 1264 724 1334 ponit,
748 1263 990 1316 videlicet:
1028 1265 1098 1318 Is,
1120 1265 1203 1337 qui
1237 1265 1287 1315 in
1308 1263 1473 1315 adulta
1509 1280 1633 1317 aetute
1655 1263 1834 1318 nullum

77 1356 312 1415 peccatum
327 1342 443 1415 fecit
465 1381 477 1400 ‚
513 1342 563 1392 in
587 1337 792 1413 infantili
815 1352 940 1389 aetate
960 1352 1200 1410 peccatum
1224 1358 1314 1389 non
1351 1344 1582 1394 contraxit
1604 1363 1616 1402 3
1657 1340 1714 1404 Εἴ
1738 1342 1836 1395 ideo

82 1416 288 1491 Christus
302 1432 539 1489 peccatum
561 1418 701 1468 etiam
722 1418 875 1486 major
887 1412 1135 1488 feciſjet‚st
1150 1412 1392 1485 parvulus
1416 1412 1637 1487 habuiffl’t.
1698 1418 1835 1473 Cum

81 1514 201 1568 ergo
236 1496 336 1565 jam
369 1492 598 1546 omnium
629 1491 858 1545 sementi&
890 1492 1077 1543 constet
1099 1531 1112 1549 ,
1148 1490 1468 1543 Beatissimam
1502 1493 1755 1567 Virginem
1786 1497 1838 1548 in

82 1569 251 1623 adulta
272 1585 396 1623 aetute
409 1584 647 1643 peccatum
671 1567 848 1621 nullum
858 1567 1030 1642 fi’ciſje'3
1072 1566 1282 1639 sequitur
1305 1587 1360 1619 ex
1377 1586 1540 1621 mente
1564 1572 1836 1646 Augustini,

82 1651 173 1701 nec
197 1647 247 1699 in
268 1634 402 1700 aeta⁰te
426 1646 630 1699 infantili
652 1664 907 1718 peccatum
928 1643 1159 1718 originale
1181 1643 1468 1697 contraxisse.
1579 1652 1638 1700 Et
1659 1648 1837 1703 iterum

82 1728 224 1777 Serm.
239 1722 294 1776 de
315 1722 539 1796 Afflimpt.
563 1723 758 1779 fatetur,
791 1723 836 1774 se
859 1721 1002 1774 nullis
1026 1721 1228 1794 quidem
1253 1721 1497 1793 Scripturis
1527 1724 1768 1784 convinci,
1781 1743 1838 1780 ut

83 1802 258 1861 credat,
282 1820 455 1873 corpus
488 1799 695 1874 Virginis
721 1800 770 1852 in
793 1798 1041 1871 pulverem
1073 1798 1338 1852 resolutum
1361 1798 1478 1857 esse3
1502 1799 1580 1851 sed
1603 1802 1646 1853 se
1668 1820 1837 1855 tamen

82 1877 350 1932 rationibus
373 1877 549 1952 stringi,
572 1897 633 1930 ne
656 1877 703 1929 id
728 1876 914 1930 credere
939 1875 1338 1948 poffitsAnimus,
1363 1875 1534 1948 inquit,
1551 1874 1835 1948 haeret,stnti-

82 1974 133 2008 re
161 1976 249 2008 non
271 1952 406 2008 valeo
419 1991 434 2012 ,
470 1954 612 2007 dicere
629 1953 884 2027 pertimffc'o
903 1974 918 2004 .·
966 1955 1081 2028 quia
1102 1955 1325 2025 excipitur
1345 1950 1380 2004 a*
1403 1952 1489 2028 lege
1511 1957 1836 2027 corruptionis,

81 2038 233 2108 quam
253 2047 391 2085 tantu
396 2019 578 2105 ſsrvat‘·
581 2034 744 2107 gratia
758 2068 772 2088 2
807 2027 864 2093 Εἰ
884 2028 1044 2083 attollit
1075 2029 1312 2105 dignitatis
1339 2033 1674 2106 praerogativas
1694 2034 1838 2103 perti-

82 2109 201 2184 neto}
225 2109 295 2162 ud
319 2109 585 2184 dignitatem
606 2109 823 2167 Domini,
839 2110 935 2182 suae
964 2108 1159 2160 Matris
1173 2107 1376 2179 strvare
1398 2104 1606 2160 honorem
1626 2144 1640 2164 ,
1666 2110 1749 2184 qui
1777 2107 1837 2161 le-

77 2206 181 2262 gem
201 2207 291 2240 non
330 2185 479 2239 olvere
500 2201 716 2242 venerat,
723 2184 814 2258 ſsd
834 2183 1103 2257 adimplere:
1119 2181 1177 2248 {5
1196 2186 1312 2260 quia
1331 2181 1485 2237 nullus
1506 2183 1704 2242 dubitat,
1721 2188 1837 2261 quin

75 2262 201 2341 poſjit
242 2265 479 2317 Marium
499 2263 599 2334 stne
625 2265 900 2336 corruptione
917 2263 1118 2335 servare
1136 2298 1152 2319 ‚
1188 2281 1272 2314 cur
1294 2280 1392 2337 ergo
1420 2260 1733 2315 dubitandum
1758 2264 1837 2338 est,

83 2340 294 2413 noluiffl’?
330 2346 448 2394 Haec
478 2341 731 2416 Augustini
755 2357 1036 2416 argumenta
1052 2359 1138 2411 pro
1165 2339 1526 2411 incorruptione
1546 2339 1730 2399 carnis5
1755 2360 1837 2392 ne-

84 2438 174 2472 mo
195 2438 301 2471 non
323 2418 453 2473 videt
477 2455 492 2475 2
524 2417 672 2494 longe
706 2412 859 2494 magis
886 2416 1088 2470 militare
1118 2437 1207 2488 pro
1234 2416 1526 2492 integritate,
1554 2421 1606 2470 &
1623 2416 1838 2469 incorru-s

85 2496 250 2568 ptione
276 2495 477 2554 animae3
503 2497 610 2569 quis
645 2495 777 2549 enim
801 2496 1001 2570 ignoret,
1018 2493 1051 2546 fi
1077 2494 1215 2566 optio
1237 2494 1424 2568 Virgini
1437 2494 1645 2549 daretur,
1663 2493 1837 2546 millies

84 2591 196 2626 eam
218 2571 377 2645 potius
399 2573 590 2632 cineres,
614 2576 667 2626 ὃς
706 2572 921 2644 pulveres
948 2570 1158 2643 corporis
1182 2570 1446 2624 electuram
1461 2607 1475 2627 ,
1511 2567 1666 2642 quum
1691 2568 1838 2623 semel

84 2659 371 2721 peccatum?
452 2656 492 2703 S.
517 2649 779 2704 Eucherius
795 2650 1010 2724 ejusdem
1032 2647 1186 2701 Seculi
1208 2652 1396 2701 Auecor
1416 2646 1590 2699 Homz'l.
1604 2668 1644 2698 2.
1657 2646 1710 2698 de
1721 2647 1839 2698 Na-

85 2728 211 2779 tivit.
239 2728 433 2779 Domini
455 2751 469 2779 .·
506 2728 567 2778 A
574 2728 748 2799 peccati
770 2730 890 2779 enim
918 2729 1086 2777 veteris
1104 2745 1230 2778 vnexu
1252 2745 1333 2797 per
1356 2726 1400 2779 se
1422 2745 1511 2777 non
1533 2725 1586 2798 cst
1600 2727 1837 2780 immunis,

85 2822 164 2857 nec
179 2803 280 2876 'ipstl
309 2805 525 2856 Genitrix
550 2803 861 2877 Redemptoro's
886 2825 900 2853 .·
938 2801 1065 2854 Solus
1089 2801 1157 2855 ille
1178 2801 1278 2855 licet
1303 2821 1360 2854 ex
1381 2800 1572 2854 debitore
1591 2800 1810 2872 uastatur
1823 2837 1838 2857 ‚

86 2879 170 2954 lege
191 2896 347 2932 tamen
372 2885 540 2932 veteris
567 2879 703 2933 debiti
724 2901 813 2934 non
835 2895 1016 2933 tenetur.
1096 2879 1243 2934 Vides
1267 2878 1455 2932 asserere
1479 2882 1519 2929 S.
1544 2877 1840 2930 Eucherium

86 2961 136 3013 B.
170 2957 420 3032 Virginem
440 2972 524 3032 per
537 2960 596 3032 st
622 2979 726 3012 non
749 2956 837 3014 esse
869 2958 1147 3011 immunem
1181 2956 1210 3011 ὲ,
1243 2961 1445 3009 Peccato
1482 2953 1746 3031 Originalis
1785 2958 1838 3007 &

1330 3035 1394 3105 M
1432 3109 1434 3111 ‚
1718 3027 1841 3083 delai-
