2107 3287
793 140 1168 209 >1<(27)›1‹

114 252 437 323 contrahendi.
474 258 533 306 Et
553 273 597 317 3.
601 268 648 326 p.
671 273 712 328 q.
725 273 798 316 32.
820 271 931 320 a.4.
953 252 1022 304 ad
1038 273 1072 304 J.
1120 251 1221 304 Ideo
1240 253 1347 307 dicit
1368 258 1711 331 Damqſsenus:
1727 263 1852 336 quod

112 334 308 405 Spiritus
332 332 651 403 Sst'ipervenit
685 332 867 405 Virgini
878 346 1086 405 purgans
1105 330 1250 402 ipsam
1271 367 1284 385 ,
1322 332 1423 406 idest
1444 370 1457 389 ,
1485 337 1777 407 prastrvans,
1793 356 1847 390 ne

111 429 217 462 cum
230 423 407 482 peccato
430 407 662 482 Originali
683 410 928 479 conciperet.
1008 412 1079 459 En
1107 407 1279 459 iterum
1307 410 1706 482 Redemptionem
1723 417 1847 465 Prae-

91 487 431 560 ſsrvativam!
466 484 617 537 Multi
641 503 806 537 tamen
839 484 970 537 hunc
1004 483 1173 537 locum
1205 490 1246 536 S.
1278 483 1484 537 Thomae
1511 487 1729 543 vitiatum
1760 491 1848 544 effe

113 563 435 619 contendunt,
458 581 609 614 nemo
635 562 766 613 enim
793 561 886 614 dici
913 563 1065 632 potest
1089 561 1347 632 praeservari
1372 559 1398 613 a
1425 564 1530 614 casu
1552 565 1847 637 impossibilis

109 658 158 693 at
192 637 477 710 impoflibile
503 656 599 691 erat
616 679 627 697 ,
645 657 697 691 ut
720 643 768 690 B.
796 638 947 712 Virgo
981 637 1230 690 Christum
1253 658 1368 689 cum
1392 642 1590 692 Peccato
1615 643 1848 717 Originali

107 715 412 786 conciperem
458 713 573 768 cum
601 715 815 767 Christus
848 715 909 767 ab
944 713 1139 767 Adamo
1173 713 1411 788 originem
1436 735 1539 767 non
1561 718 1750 773 duceret
1773 740 1851 792 per

105 792 387 846 seminalem
409 792 495 846 viri
520 796 571 845 δε
595 792 807 845 foeminae
834 794 1254 866 propagationem,
1272 795 1324 844 &
1347 810 1601 862 peccatum
1624 815 1852 871 repugna-

108 888 177 922 ret
204 871 302 940 ejus
324 869 586 922 Divinitati.
667 869 805 938 Qis,
823 889 960 943 rogo,
973 869 1099 921 dicat
1112 868 1356 942 Angelum
1381 867 1407 921 a
1431 867 1562 927 febri,
1579 888 1661 922 aut
1684 873 1852 928 dolore

101 945 266 1013 capitis
290 939 574 1013 praeservari,
597 946 679 1015 qui
704 965 934 1018 repugnat
960 945 1200 1018 Angelicae
1227 963 1404 997 naturae
1427 954 1439 997 ?
1478 949 1541 998 At
1564 946 1723 1000 multo
1748 972 1849 1004 ma-

100 1018 174 1094 gis
197 1036 451 1090 peccatum
476 1018 595 1071 Filio
628 1025 735 1071 DEI
762 1061 774 1078 ,
797 1021 950 1091 quam
974 1020 1113 1073 febris
1138 1021 1328 1095 Angelo
1362 1040 1604 1096 repugnat.
1719 1027 1850 1080 Alio-

103 1095 223 1168 quin
259 1096 292 1148 fi
326 1094 541 1148 Christus
577 1097 874 1167 praeservatus
898 1098 977 1156 est,
991 1116 1050 1151 ne
1083 1097 1382 1151 contraheret
1409 1118 1661 1171 peccatum
1693 1104 1852 1176 Origi-

101 1172 209 1225 nale
232 1213 244 1231 ‚
281 1173 550 1245 sequeretur
574 1170 702 1225 fuisse
733 1174 1061 1244 Redemptum
1092 1178 1106 1236 <
1118 1175 1412 1228 Praeservatio
1440 1177 1571 1228 enim
1594 1179 1658 1229 est
1682 1179 1853 1249 species

99 1249 442 1321 perfeetiflimae
465 1249 833 1318 redemptionis)
861 1250 998 1318 quod
1022 1250 1117 1302 fine
1142 1250 1299 1303 haeresr
1324 1253 1416 1304 dici
1443 1274 1545 1304 non
1575 1256 1751 1325 potest,
1784 1256 1854 1308 id-

101 1325 200 1398 c‘lue
226 1325 367 1378 toties
394 1330 435 1377 S.
460 1323 679 1376 Thomas
704 1324 751 1375 in
776 1324 986 1397 allegatis
1020 1325 1138 1375 locis
1160 1346 1326 1397 negat,
1355 1331 1406 1379 ὃ(
1430 1349 1471 1401 q.
1494 1349 1569 1393 52.
1593 1351 1637 1381 a.
1660 1353 1700 1382 2.
1723 1331 1793 1382 ad
1808 1352 1850 1384 2.

106 1399 307 1476 Christus
330 1400 398 1452 ad
424 1398 648 1452 Limbum
669 1399 926 1473 destendem
948 1399 1116 1451 dolores
1142 1415 1390 1472 paenarum
1410 1400 1630 1473 abstlvz't,
1668 1412 1853 1460 Sandtos

101 1480 273 1529 Patres
285 1477 601 1549 prafirvando
623 1474 683 1528 ab
716 1482 775 1528 eis
797 1498 808 1537 3
837 1477 955 1549 sicut
976 1476 1203 1528 Medicus
1233 1477 1403 1529 dicitur
1407 1478 1590 1550 solvere
1612 1481 1801 1542 morbos,
1818 1482 1851 1536 d

100 1552 270 1629 quibus
284 1554 532 1626 prastrvat
546 1568 628 1626 per
654 1553 940 1605 medicinam.
1021 1557 1079 1606 Et
1104 1554 1261 1626 Opust.
1273 1573 1321 1616 7.
1368 1557 1503 1606 Deus
1522 1555 1683 1611 liberat
1706 1558 1852 1614 eledi‘os

100 1630 155 1682 de
176 1629 313 1682 malis
323 1645 459 1702 poenae
479 1630 735 1702 tripliciter,
750 1630 1068 1702 prssſsrvando
1090 1671 1101 1689 ,
1134 1629 1393 1702 consolando
1414 1668 1428 1687 ,
1463 1629 1520 1693 {5
1539 1633 1692 1687 dando
1717 1634 1850 1690 bona.

102 1713 161 1761 Et
182 1728 215 1759 J.
221 1722 265 1780 p.
289 1727 331 1782 q.
343 1727 409 1759 20.
433 1725 544 1774 atq..
568 1706 638 1758 ad
652 1726 698 1772 y.
737 1709 915 1778 Major
940 1707 979 1758 ei
989 1709 1150 1781 gratia
1159 1706 1224 1779 fit
1243 1744 1257 1763 ,
1285 1709 1369 1782 qui
1388 1708 1686 1780 constrvatur
1706 1715 1755 1765 in
1778 1715 1850 1766 in-

106 1786 331 1840 nocentia,
358 1781 502 1861 quaint
523 1786 597 1835 cni
620 1785 868 1835 remittitur
885 1799 1132 1856 peccatum.

216 1865 312 1913 III.
392 1861 537 1914 Vides
562 1881 676 1935 ergo
700 1861 980 1913 testimonio
1005 1866 1045 1913 S.
1074 1860 1282 1914 Thomae
1303 1903 1315 1920 ,
1356 1864 1746 1938 Sanctorumdue
1767 1871 1849 1921 Pa-

102 1958 259 1993 trum,
283 1958 385 1990 non
406 1937 596 1990 tantum
630 1938 981 1990 admittendam
1015 1937 1100 1990 effe
1132 1939 1538 2010 Redemptionem
1563 1944 1852 2014 prastrvati-

103 2036 248 2074 vam,
273 2014 443 2068 verum
474 2015 620 2068 etiam
644 2015 781 2067 istam
822 2014 982 2067 multo
1017 2015 1351 2086 perfectiorem
1386 2016 1472 2069 effe
1495 2019 1850 2091 Redemptione

104 2091 340 2144 curativd'.
419 2097 478 2144 Et
504 2095 622 2144 ratio
644 2093 732 2151 est,
760 2090 872 2164 quia
895 2090 1030 2144 tanto
1053 2095 1230 2165 major,
1264 2094 1613 2168 perfectiortjue
1637 2098 1848 2151 Redem-

106 2170 205 2241 ptio
228 2171 315 2228 est,
343 2168 528 2241 quanto
556 2167 582 2221 a
607 2168 821 2240 pluribus
844 2168 980 2221 malis
1007 2168 1196 2228 liberat3
1221 2189 1268 2223 at
1291 2168 1452 2223 multo
1487 2169 1514 2224 a
1551 2173 1766 2244 pluribus
1793 2175 1847 2227 li-

106 2246 316 2305 beratur‚
342 2246 425 2317 qui
449 2267 551 2298 non
574 2245 861 2318 permittitur
882 2246 1177 2317 peccare,hic
1195 2247 1326 2299 enim
1344 2247 1568 2301 liberatur
1589 2250 1649 2302 ab
1667 2254 1845 2305 Actua-

106 2323 137 2375 li
161 2323 325 2396 culpa,
350 2320 377 2375 a
400 2324 585 2395 pudore
613 2365 624 2383 ,
663 2321 688 2376 a
712 2323 867 2396 poenis
893 2364 905 2382 ,
943 2327 994 2376 &
1018 2323 1077 2376 ab
1103 2323 1384 2397 irreparabili
1407 2328 1588 2399 jaetura
1614 2324 1846 2381 innocen-

105 2401 204 2460 tiae,
229 2399 254 2453 a
284 2400 459 2472 quibus
491 2422 593 2453 non
621 2400 843 2453 liberatur
864 2441 875 2459 ,
910 2399 992 2472 qui
1027 2419 1218 2473 peccare
1256 2402 1569 2474 permittitur,
1604 2407 1657 2457 &
1680 2405 1845 2477 postea

105 2476 390 2536 absolvitur,
415 2477 616 2530 admiffo
640 2478 771 2530 enim
794 2478 938 2530 semel
962 2497 1181 2550 peccato,
1204 2477 1301 2532 fieri
1325 2498 1428 2531 non
1450 2481 1626 2551 potest,
1660 2499 1713 2534 ut
1736 2483 1844 2554 quis

107 2573 206 2606 non
227 2554 489 2625 peccaverit
505 2596 517 2613 ,
556 2574 608 2608 ut
632 2555 810 2627 peccati
834 2575 935 2607 non
958 2557 1132 2626 pudeat
1154 2597 1165 2614 ‚
1213 2554 1364 2629 utq‘ue
1390 2555 1718 2609 innocentiam
1741 2579 1846 2613 non

109 2629 336 2688 amiserits
360 2630 477 2684 ficut
504 2637 758 2691 Matrona,
783 2653 890 2704 quae
915 2632 1202 2685 adulterium
1226 2633 1437 2692 admisit,
1462 2634 1560 2685 fieri
1584 2636 1737 2705 potest
1753 2676 1764 2693 ,
1788 2653 1845 2690 ut

102 2705 322 2777 deinceps
344 2707 398 2760 fit
421 2709 543 2761 casta
560 2749 571 2767 ,
594 2710 670 2761 sed
694 2730 797 2761 non
820 2728 873 2761 ut
896 2709 949 2761 sit
981 2709 1141 2784 Virgo.
1223 2715 1281 2762 Et
1303 2710 1531 2768 medicus,
1557 2714 1640 2782 qui
1663 2713 1844 2781 praeser·

101 2801 182 2837 vat
205 2782 233 2836 a
259 2782 429 2842 febri,a
452 2785 604 2857 quam
626 2786 842 2857 plurimis
877 2786 1014 2838 malis
1036 2786 1294 2839 hominem
1320 2787 1486 2840 liberat
1503 2828 1513 2845 ‚
1544 2786 1762 2841 videlicet
1778 2830 1789 2848 ,
1814 2787 1843 2843 a

102 2858 368 2916 doloribus,
392 2862 583 2937 Vigilijs,
608 2863 678 2915 siti
701 2904 712 2922 ‚
750 2861 947 2936 alijsc'lue
978 2884 1084 2936 quae
1108 2863 1282 2916 febrim
1305 2865 1663 2936 consequuntur
1687 2906 1700 2923 ‚
1735 2885 1844 2938 quae

103 2936 244 2989 nullis
267 2938 516 2992 medicinis
532 2940 638 2992 tolli
654 2940 867 3012 possunt,
882 2940 1061 2994 morbo
1086 2941 1231 2994 semel
1254 2939 1685 3014 permiffo:quibus
1709 2943 1843 2994 enim

1249 3023 1293 3070 G
1334 3038 1356 3068 2
1690 3036 1842 3072 reme-
